2112 3621
305 265 326 305 8
334 264 384 318 36

302 330 411 366 forma
434 325 566 362 dicendi
593 327 773 362 adhibetur
789 352 801 371 ,
826 337 865 365 ut
892 327 1003 362 minus
1025 326 1114 361 dica-

305 392 378 423 tur,
404 377 462 411 ubi
481 376 553 424 plus
575 377 610 410 in
634 376 806 411 intellectu
829 376 1049 425 relinquitur,
1074 375 1115 410 de

302 439 368 474 qua
392 427 563 474 integrum
593 435 695 474 caput
715 424 906 474 composuit
931 427 965 460 in
983 425 1114 460 Adver-

301 477 388 511 sariis
403 474 465 510 suis
480 473 685 510 docstislimus
695 474 887 510 Gatakerus
900 488 930 519 1,
939 487 975 520 7,
987 475 1022 509 ὅ(
1033 487 1113 523 qua-

302 525 327 560 si
337 523 488 563 λιτότητα
499 550 509 568 ,
519 537 595 572 quzt·
612 523 770 572 supponit
781 550 792 569 ,
805 537 910 573 quum
921 524 1045 559 dicitur
1061 525 1112 558 ni—

300 573 352 610 hil
373 574 452 609 mali
476 572 622 608 effeciss'e
637 599 648 618 ,
682 574 825 623 intelligi
853 574 997 622 plurima
1021 573 1111 608 bona

299 622 489 658 contuliss'c.
537 622 688 668 Justinus
710 622 825 659 scribit
847 623 986 658 noluifl‘e
1003 622 1110 671 ipsum

299 673 423 708 reverti
448 672 481 706 in
500 671 652 714 Medos3
686 672 808 720 puduit
833 672 969 708 illorum
995 673 1112 707 oculos

300 720 410 758 subire
426 735 433 756 :
461 733 544 769 ergo
566 721 789 769 praepositum
803 721 898 757 fuisse
915 722 1111 771 Hyrcaniae.

299 770 499 819 Utrumque
514 770 626 818 potest
641 772 688 806 ita
703 771 786 815 effe,
800 781 984 818 utrumque
1000 769 1112 818 potest

297 819 451 865 Justinus
466 820 519 855 vel
538 821 688 868 magisT
691 833 792 869 rogus
807 833 849 855 ex
865 820 1016 869 probatis
1033 818 1110 853 scri-

302 869 457 917 ptoribus
474 870 636 917 petiviss'e.
664 870 743 905 Sive
758 869 889 905 sciverit
901 867 1111 911 Herodotus,

303 918 372 954 five
387 919 616 968 ignoraverit,
641 920 757 966 nequit
773 918 792 954 a
809 919 904 954 nobis
921 917 1110 957 adfirmari3

302 979 395 1003 certe
412 978 525 1004 totum
552 968 620 1002 hoc
635 968 765 1002 reticet.
818 968 884 1003 Sed
911 966 992 1015 quid
1017 978 1112 1000 com-

302 1019 437 1052 munius
452 1029 553 1064 quam
576 1015 740 1063 adsignari
762 1015 1016 1064 gubernandam
1034 1027 1112 1062 pro-

301 1067 448 1101 vinciam
466 1065 602 1113 primati
617 1065 712 1109 viro,
739 1077 841 1112 quem
855 1075 971 1100 tamen
985 1076 1044 1098 rex
1058 1065 1114 1111 ju-

301 1113 359 1149 bct
374 1113 463 1162 apud
479 1113 510 1149 se
526 1124 659 1148 manere
676 1114 874 1162 praesentem
890 1114 904 1148 ?
929 1113 1062 1160 Utique
1079 1113 1114 1147 in

298 1163 434 1209 Justino
458 1175 527 1198 non
550 1162 675 1198 dicitur
698 1175 777 1198 eum
801 1164 836 1198 in
860 1163 955 1198 istam
973 1162 1113 1209 provin-

302 1213 390 1248 ciam
414 1212 516 1247 iviss'e.
559 1211 625 1247 Sed
642 1211 748 1246 rursus
765 1211 846 1259 quid
863 1211 1061 1246 celebratius
1078 1211 1112 1245 in

301 1262 436 1296 Palatiis
444 1262 585 1309 Regum
602 1286 614 1304 ‚
640 1273 740 1308 quam
765 1261 896 1295 dierum
913 1260 949 1295 &
965 1260 1112 1295 fortunae

303 1309 495 1345 diversitas?
508 1310 642 1358 Utique
660 1311 718 1356 qui
735 1309 891 1345 scribitur
905 1309 1045 1345 noluisse
1062 1321 1113 1343 re-

303 1360 392 1394 verti
411 1360 446 1394 in
466 1359 593 1394 Medos
608 1384 619 1402 ,
644 1358 760 1392 haberi
777 1358 983 1394 monstratur
1000 1359 1035 1393 in
1050 1358 1114 1392 ho-

301 1420 386 1443 nore
406 1408 442 1442 &
457 1408 570 1443 oblata
586 1407 680 1441 fuiffe
698 1406 749 1440 isti
770 1407 847 1442 haec
863 1407 1012 1455 satrapia.

343 1468 400 1503 55,
417 1469 468 1491 10.
487 1460 549 1490 Οὐκ
558 1456 790 1500 ἀνθρωποφυέας
801 1456 935 1500 ἐνέμιξαν
947 1456 998 1491 nis·
1007 1455 1111 1501 enin]

298 1506 387 1539 Fieri
406 1504 579 1552 nequivit,
603 1504 684 1550 quin
702 1503 777 1537 haec
796 1503 965 1538 Herodoti
982 1504 1115 1551 capitu-

298 1553 329 1588 la
345 1554 469 1600 aliquid
489 1551 657 1587 Persicum
673 1552 876 1587 attrahentia
891 1552 1063 1588 allicerent
1079 1565 1114 1588 e-

299 1601 537 1637 ruditiffimum
554 1602 666 1636 virum
684 1601 758 1636 Th.
776 1602 963 1636 Stanleium
979 1628 991 1647 ,
1017 1611 1056 1636 ut
1079 1603 1114 1638 in

300 1653 390 1688 notis
422 1651 463 1687 ad
490 1650 645 1700 AEsc'nyli
670 1649 781 1685 Persas
807 1650 962 1686 debuerit
987 1651 1114 1699 aliquid

299 1700 540 1738 Herodoteum
556 1700 678 1735 dicere.
704 1700 761 1735 Sic
777 1712 883 1747 quum
900 1701 935 1735 in
952 1701 1020 1735 hoc
1035 1701 1114 1736 loco

299 1751 489 1799 displiceret
513 1749 560 1784 illi
583 1750 819 1797 interpretatio
837 1749 947 1785 Vallae
962 1763 999 1785 ex
1015 1750 1114 1785 homi-

298 1802 386 1836 mous
402 1809 482 1834 ortos
508 1798 623 1846 (quod
645 1798 764 1833 inscite
786 1799 1010 1834 circumrodit
1028 1800 1113 1834 Por-

299 1850 372 1892 tus)
400 1846 567 1885 intellexit
584 1849 697 1897 potius
712 1849 851 1882 hamam
865 1847 977 1895 forma
994 1849 1114 1894 praedi-

298 1908 345 1935 los
359 1901 424 1945 effi&

351 1960 409 1995 55,
422 1961 433 1983 1
447 1961 476 1983 1.
505 1950 575 1991 Διῒ,
602 1947 762 1992 06&va
774 1971 786 1988 ‚
814 1947 997 1994 Α’φςοδίτῖω
1015 1946 1114 1995 &c.]

300 1998 496 2042 videndus,
523 2009 624 2045 quem
642 1995 734 2039 dixi,
762 1996 926 2032 Stanleius
944 2001 1058 2044 p.76z
1075 1997 1113 2032 &

301 2052 384 2093 769.
403 2046 578 2081 Caeterum
596 2044 698 2079 debet
719 2044 786 2079 hoc
803 2045 881 2080 loco
898 2045 1110 2094 peivulgari‚

300 2105 464 2143 quantum
484 2094 698 2130 mendacium
716 2094 796 2129 hinc
813 2094 972 2130 consuere
988 2105 1110 2143 potue-

301 2145 520 2191 ritJohanncs
537 2143 690 2178 Clericus
706 2143 740 2177 in
756 2145 848 2179 Artis
857 2144 1000 2180 Criticae
1017 2157 1050 2193 p.
1068 2157 1079 2180 1
1093 2157 1104 2180 1

301 2195 335 2229 S.
353 2206 418 2228 1.c.
429 2206 505 2227 XHI.
517 2193 562 2227 ita
570 2191 713 2227 scribens
725 2191 840 2238 [Qia
854 2193 943 2241 apud
952 2188 1110 2239 Graecos‚

300 2244 458 2279 Deorum
499 2241 646 2276 summus
680 2242 753 2277 Ζόθς
781 2243 968 2279 vocabatur
988 2268 1000 2286 ‚
1032 2243 1110 2280 ideo

301 2293 507 2328 Graecorum
519 2291 552 2325 Η
559 2290 681 2325 istorici
690 2315 701 2333 ,
710 2289 769 2325 ubi
785 2290 970 2339 loquuntur
977 2293 1019 2327 de
1028 2293 1069 2329 N
1071 2305 1110 2328 u-

301 2342 393 2376 mine
408 2366 420 2386 ,
444 2339 536 2388 quod
557 2339 647 2388 apud
669 2339 767 2374 aliam
782 2350 921 2388 gentem
939 2340 1109 2377 summum

300 2390 508 2433 habebatur,
525 2388 559 2423 id
575 2389 676 2424 ctiam
694 2392 753 2424 Δία
769 2399 905 2424 vocant.
936 2391 987 2424 Ita
997 2391 1109 2425 Hero-

300 2440 401 2475 dotus
424 2439 602 2487 postquam
627 2437 717 2473 dixit
741 2437 760 2472 a
784 2437 890 2473 Pei-fis
914 2450 1023 2487 neque
1046 2439 1109 2475 sta-

302 2498 395 2533 tuas,
421 2500 529 2536 neque
545 2488 672 2535 templa
687 2513 699 2532 ,
724 2499 834 2535 neque
848 2500 916 2522 aras
932 2488 1010 2523 Diis
1026 2501 1108 2524 con-

301 2538 417 2573 secrari
433 2563 445 2582 ,
470 2536 562 2585 quod
585 2549 654 2571 non
679 2535 854 2571 crederent
875 2549 932 2572 eos
953 2539 1109 2585 ἀνθρωπο-

303 2592 417 2631 φυέας,
442 2588 493 2621 uti
511 2586 649 2629 Graeci,
674 2584 826 2634 subjicit:
854 2587 936 2632 Jovi
941 2586 1043 2632 solent
1049 2587 1107 2634 fiz-

301 2649 353 2672 cm
370 2636 477 2684 facere
498 2637 532 2670 in
554 2635 701 2679 altlffima
727 2637 876 2669 montium
899 2635 1108 2682 ascendentes,

300 2687 452 2720 ambitum
469 2697 584 2719 omnem
599 2686 664 2718 coeli
677 2684 795 2729 Jovem
808 2693 960 2719 vocantes.
987 2685 1108 2720 Nemo

303 2747 372 2769 non
395 2733 573 2769 crediderit
590 2758 602 2777 ,
636 2733 686 2767 his
710 2731 801 2767 leffis
816 2758 828 2778 ,
854 2732 964 2768 Persas
986 2734 1107 2770 eodem

301 2784 440 2819 nornine
463 2781 632 2818 summum
650 2782 795 2817 Numen
811 2781 986 2830 appellasse
1001 2809 1013 2828 ,
1039 2796 1108 2832 quo

303 2832 421 2869 Graeci
436 2832 617 2867 utebantur
631 2856 643 2875 ,
669 2829 729 2864 nifi
744 2831 876 2866 aliunde
891 2842 1013 2868 notum
1028 2833 1108 2868 esset

299 2883 473 2928 Linguam
490 2880 657 2915 Persicam
675 2880 759 2914 nihil
781 2880 929 2915 habuisse
952 2894 1108 2917 commu-

302 2944 345 2967 ne
361 2941 441 2964 cum
458 2930 582 2964 Graeca
597 2929 687 2975 &c.]
713 2928 811 2974 Qud
829 2928 939 2964 falfius
955 2930 1009 2965 illa
1028 2932 1107 2966 Per-

299 2981 407 3016 sarum
430 2976 549 3012 summi
569 2978 734 3012 Numinis
756 2977 979 3025 appellatione
997 2978 1011 3012 ?
1038 2980 1105 3014 Vel

300 3027 439 3075 Stanleji
463 3036 554 3061 notae
578 3025 612 3059 id
634 3026 868 3072 vituperarint.
919 3027 951 3061 Is
965 3027 1053 3061 enim
1072 3029 1105 3061 in

300 3078 469 3126 postrema
486 3074 648 3110 citatione
670 3085 739 3107 non
765 3074 868 3109 modo
886 3084 981 3109 notat
996 3101 1008 3120 ,
1035 3078 1103 3110 Coe-

297 3131 361 3162 lum
371 3151 382 3170 ,
397 3132 432 3159 ot
447 3124 601 3160 Herodoto
612 3125 712 3169 placet
723 3147 736 3166 ‚
750 3122 811 3170 sisb
827 3126 945 3159 nomine
961 3125 1027 3163 Διός
1043 3125 1101 3159 lm-

580 256 1337 315 JAc.GRoNOVI1

1411 259 1690 304 NOTAE

1170 324 1261 370 bleffe
1273 324 1404 373 Persas,
1429 326 1482 362 sed
1498 340 1581 363 mox
1597 328 1739 364 iterum:
1764 330 1911 367 Maxime
1925 345 1981 368 ve-

1170 385 1203 406 ro
1222 376 1326 421 PeJfis
1342 379 1481 411 convenit
1495 377 1558 412 haec
1574 379 1713 424 loquendi
1720 378 1862 425 formula
1872 408 1883 426 ,
1909 397 1979 429 quos

1173 423 1271 458 Solem
1285 425 1469 470 prosimzmo
1478 426 1549 461 Deo
1557 427 1693 473 habuiffi’
1703 429 1878 466 Herodotus
1884 433 1935 467 lib.
1952 445 1980 467 ι.

1172 471 1207 505 ὅ(
1223 473 1275 507 alii
1302 474 1510 509 tradiderunt.
1545 476 1598 510 Ita
1614 477 1726 524 priore
1742 477 1820 513 loco
1837 493 1979 516 monue-

1170 530 1220 555 rat
1232 521 1664 572 Hist01·ic08,Geog1·aphos
1672 525 1816 575 aliosque
1825 529 1980 566 Dcomm

1171 570 1376 606 Graecorum
1395 573 1532 607 nomina
1541 573 1618 608 Diis
1630 573 1767 610 perficis
1783 589 1979 615 accommo-

1169 619 1275 665 dasse,
1303 621 1338 655 δι’
1355 625 1414 656 Δία
1429 621 1471 656 ab
1489 621 1673 657 Herodoto
1692 623 1728 658 ὃς
1747 626 1913 663 Strabone
1928 631 1979 665 di-

1169 670 1200 703 ci
1210 694 1222 713 ,
1249 682 1350 719 quem
1360 671 1510 719 Agathia
1525 671 1608 706 teste
1623 671 1771 707 dixerint
1785 675 1855 713 Βῆλ.
1883 678 1982 714 Stan-

1170 718 1250 753 leius
1261 731 1345 768 ergo
1354 721 1483 755 evincit
1498 720 1664 755 mendacii
1680 733 1759 757 eum
1776 723 1810 756 in
1828 723 1890 760 hac
1907 740 1983 775 par-

1170 775 1225 811 te,
1240 778 1343 815 prout
1360 771 1474 804 onmia
1491 769 1536 805 sic
1554 769 1773 819 conspurcata
1790 770 1886 819 sunt,
1904 789 1982 825 quae

1170 816 1204 850 in
1220 817 1293 851 istas
1310 819 1448 866 paginas
1464 819 1639 868 congessit.

1220 876 1278 912 55,
1294 876 1346 910 15'.
1374 866 1498 914 Θόκζιὸ
1515 873 1603 916 Η“Λι’ῳ
1619 867 1640 906 ἒ
1652 870 1776 918 Σελῖαἶῃ
1796 870 1819 909 ὦ.
1835 876 1876 913 ssi
1892 873 1984 912 ΕἶΠυ-

1171 911 1206 953 0)
1224 913 1245 949 e
1265 912 1366 948 rixo
1392 914 1415 952 e
1438 918 1614 965 suamet]
1652 919 1733 955 Nifi
1750 912 1883 970 insupc‘r
1897 923 1983 960 defit

1172 965 1196 1011 ᾖ,
1211 964 1355 1008 iaz-&202
1373 976 1450 999 nam
1465 965 1599 1001 videtur
1613 978 1671 1002 aut
1687 981 1730 1004 ex
1745 970 1814 1005 hoc
1830 971 1909 1008 loco
1924 985 1984 1010 aut

1171 1022 1214 1045 ex
1230 1010 1336 1046 Perfis
1352 1022 1444 1047 certe
1462 1013 1610 1050 habuisse
1618 1016 1864 1064 Epicharmus.,
1890 1023 1985 1070 quod

1172 1071 1215 1142 οἷς
1230 1071 1272 1094 eo
1290 1061 1575 1111 interpretabatur
1591 1064 1782 1102 Menander
1806 1068 1874 1104 hoc
1889 1071 1984 1107 disti-

1172 1119 1191 1142 C
1203 1120 1240 1142 10
1250 1122 1258 1143 :

1259 1161 1295 1193 0‘
1310 1157 1364 1204 μᾶξᾶ
1384 1164 1587 1209 Ε’πίχοιςμῶι
1600 1162 1652 1200 τέ’ς·
1671 1163 1750 1202 Θεές
1763 1162 1833 1205 εἶναι
1851 1170 1930 1215 λὲγᾴ

1256 1211 1377 1253 Α’νὲμκς
1386 1235 1397 1254 ‚
1409 1208 1505 1245 &Aaou
1515 1238 1525 1253 ‚
1537 1212 1726 1261 I'lu3‘2‘s‘d‘we
1734 1240 1745 1259 ³
1756 1219 1832 1263 HQ,
1842 1220 1985 1265 A’5{&5‚

1220 1267 1277 1303 5⁷5⁹,
1292 1257 1345 1292 18.
1373 1262 1506 1305 Koc7t48Ct
1524 1261 1544 1306 {3
1562 1261 1707 1302 A'osiiffloa
1723 1263 1785 1298 τῖυ.)
1803 1267 1984 1314 Α’φςοδίτῖω

1171 1305 1338 1353 Μύλιτζᾶ]
1370 1309 1426 1343 De
1442 1308 1506 1343 hac
1520 1310 1689 1345 dixeritne
1704 1314 1819 1348 omnia
1834 1327 1910 1362 quae
1920 1315 1981 1350 sci-

1170 1355 1257 1390 verit
1273 1356 1344 1390 Th.
1362 1357 1471 1402 Gale,
1496 1371 1539 1393 an
1554 1371 1631 1407 quae
1647 1359 1793 1395 voluerit
1809 1387 1821 1406 ,
1847 1375 1917 1399 non
1932 1364 1980 1399 fa-

1169 1404 1234 1438 cile
1249 1405 1406 1453 assequar.
1440 1407 1617 1442 Caetemrn
1640 1406 1715 1443 sunt
1739 1410 1835 1446 valde
1856 1414 1981 1463 exigua

1170 1451 1211 1486 de
1228 1455 1385 1489 omnibus
1402 1455 1452 1490 his
1468 1457 1576 1492 tribus
1594 1483 1603 1501 ‚
1630 1469 1673 1492 ex
1691 1457 1836 1495 Seldeno
1852 1461 1980 1499 scilicet

1169 1512 1208 1534 ac
1230 1501 1361 1536 Voffio.
1413 1504 1461 1538 Et
1485 1505 1646 1540 Seldenus
1667 1507 1805 1553 quidem
1828 1512 1978 1558 primum

1169 1550 1293 1597 pagina
1303 1561 1370 1597 249
1382 1552 1611 1599 Syntagmatis
1626 1553 1760 1590 secundi
1776 1558 1823 1593 ita
1837 1558 1978 1608 scripsit:

1169 1598 1208 1633 V
1204 1599 1333 1633 ocoboot
1348 1602 1469 1645 Assyrii
1490 1600 1660 1644 Asylittam
1675 1626 1688 1644 ,
1714 1607 1837 1641 Arabes
1852 1611 1980 1655 Alunt,

1168 1647 1275 1695 Persae
1289 1648 1432 1684 Alitmm
1448 1675 1461 1694 ,
1486 1657 1521 1683 ut
1527 1648 1654 1696 stripstt
1668 1651 1844 1688 Herodotus
1857 1680 1870 1698 ,
1894 1669 1981 1702 quem

1168 1697 1279 1744 viclests
1300 1699 1334 1732 in
1350 1700 1452 1744 primo
1469 1699 1510 1738 &³
1525 1701 1627 1734 tertio.
1668 1699 1718 1735 At
1744 1712 1822 1750 pag.
1840 1715 1904 1753 253
1930 1707 1980 1742 ci.

1168 1755 1218 1782 tat
1234 1746 1337 1782 verba
1352 1748 1523 1784 Herodoti
1538 1774 1552 1793 ,
1577 1748 1614 1783 &
1632 1747 1693 1784 fibi
1715 1749 1837 1799 objicit
1861 1754 1926 1790 effe
1943 1756 1980 1793 in

1169 1794 1352 1832 Herodoto
1369 1797 1509 1839 Α’λίτᾶε
1536 1797 1697 1846 additque
1712 1824 1724 1843 ,
1750 1812 1829 1836 anne
1844 1809 1982 1851 corrupti

1167 1846 1277 1880 codices
1291 1846 1356 1881 heic
1363 1848 1535 1892 Herodoti,
1545 1847 1586 1887 &²
1595 1849 1953 1896 Alilatfitbstituendum
1963 1856 1981 1890 ?
2030 1879 2031 1882 =

1168 1895 1230 1930 Est
1244 1893 1318 1929 sane
1332 1908 1455 1945 magna
1469 1898 1772 1944 πολυπςρεγμασύνη.
1813 1900 1880 1937 Sed
1896 1903 1980 1952 quid

1166 1943 1244 1979 inde
1260 1944 1344 1980 lucri
1362 1944 1445 1981 fecit
1462 1946 1643 1994 praeclarus
1657 1947 1713 1982 ille
1728 1949 1799 1993 vir,
1809 1950 1871 1986 nifi
1884 1952 1978 2000 quod

1165 1993 1196 2028 se
1211 1993 1393 2030 ostenderit
1408 1995 1605 2031 intricatum
1621 2021 1634 2041 ,
1659 2008 1723 2033 nec
1738 1999 1899 2047 expedire
1912 2014 1976 2049 po-

1164 2043 1280 2088 tuiss‘e,
1307 2054 1565 2093 quantacunque
1579 2046 1681 2081 etiam
1697 2046 1840 2083 adfuerit
1855 2051 1976 2096 peritia

1164 2092 1389 2128 Afiaticarum
1422 2094 1625 2142 linguarum.
1676 2095 1751 2130 Cur
1782 2095 1829 2131 fic
1854 2099 1974 2135 leviter

1164 2143 1355 2176 contemnit
1380 2152 1438 2177 aut
1460 2143 1610 2178 librarios
1633 2142 1754 2179 scribas
1777 2144 1972 2193 Herodoti,

1163 2201 1220 2226 aut
1235 2190 1343 2239 ipsum
1360 2191 1601 2233 Herodotum3
1627 2201 1667 2227 ut
1681 2193 1800 2241 utiquc
1814 2199 1971 2242 expromi

1163 2239 1316 2275 debuerit
1331 2239 1471 2289 suspicio
1485 2239 1616 2289 prorsus
1633 2241 1832 2289 lapsabunda
1847 2243 1861 2277 ?
1888 2245 1972 2282 Nec

1163 2301 1243 2325 vero
1252 2290 1394 2324 Mitt-am
1410 2300 1511 2325 vocat
1528 2289 1725 2326 Herodotus
1734 2317 1746 2336 ,
1754 2290 1808 2326 sed
1816 2294 1949 2330 Μὶῑνιυι
1958 2308 1971 2330 .·

1164 2350 1264 2387 quarn
1282 2339 1502 2387 posteriorem
1524 2339 1655 2375 literam
1679 2352 1748 2375 non
1770 2341 1882 2377 minus
1900 2343 1970 2379 illic

1162 2388 1282 2424 servari
1296 2387 1417 2424 debere
1432 2389 1573 2437 opinor,
1599 2401 1700 2439 quam
1714 2403 1735 2424 a
1752 2390 1785 2424 in
1802 2391 1972 2438 prioribus

1162 2437 1442 2487 appellationibus
1457 2464 1469 2482 ‚
1494 2448 1617 2487 utpote
1640 2439 1676 2474 in
1698 2439 1815 2487 lingua
1837 2440 1971 2478 Persica

1163 2487 1301 2537 perinde
1316 2486 1450 2522 finalem
1466 2487 1596 2524 literam
1611 2489 1730 2537 utique
1746 2489 1780 2523 in
1797 2489 1861 2526 hac
1869 2503 1970 2536 voce,

1162 2550 1201 2574 ac
1217 2535 1307 2586 apud
1322 2535 1471 2584 Assyrios
1489 2537 1524 2571 &
1542 2536 1668 2573 Arabas
1685 2538 1779 2572 litera
1794 2551 1827 2574 a.
1861 2540 1918 2575 Sic
1933 2551 1968 2575 e-

1162 2588 1233 2622 nim
1249 2584 1379 2635 prorsus
1394 2585 1502 2620 statuo
1518 2586 1577 2622 hic
1592 2586 1760 2635 agendum
1770 2612 1782 2631 ,
1807 2598 1846 2623 ut
1856 2588 1968 2624 Hero-

1162 2637 1262 2672 dotea
1272 2639 1393 2680 Mirejev
1403 2634 1505 2677 ‚nihil
1522 2635 1679 2671 habuerit
1694 2647 1878 2672 commmie
1885 2648 1965 2672 cum

1161 2685 1249 2720 virili
1266 2682 1489 2731 appellatione
1505 2696 1606 2732 quam
1623 2684 1808 2720 creduntur
1822 2685 1893 2721 Soli
1914 2695 1966 2720 at-

1161 2733 1311 2769 tribuiss'e
1326 2731 1384 2767 sub
1407 2733 1545 2768 nomine
1568 2733 1605 2768 ὃς
1627 2733 1729 2769 titulo
1755 2735 1900 2779 Μίθρρες,
1925 2744 1965 2770 ut

1161 2784 1196 2817 in
1212 2779 1375 2830 plerisque
1391 2780 1474 2816 locis
1489 2780 1587 2817 scribi
1603 2782 1723 2827 video,
1737 2794 1800 2817 nec
1814 2793 1880 2830 ego
1896 2792 1965 2818 ter-

1159 2829 1316 2880 giversor.
1343 2830 1509 2865 Attamen
1526 2831 1559 2866 id
1575 2831 1658 2867 adeo
1673 2832 1794 2867 mirum
1810 2833 1966 2878 apparuit

1160 2878 1354 2928 interpreti,
1379 2879 1486 2914 immo
1503 2881 1678 2925 omnibus,
1701 2879 1759 2927 qui
1773 2879 1964 2918 citaverunt

1160 2929 1362 2966 &Latinam
1380 2927 1690 2977 interpretationem
1705 2926 1902 2964 addiderunt
1912 2930 1962 2976 (Sc

1159 2980 1233 3025 quis
1249 2989 1317 3012 non
1340 2976 1386 3010 ita
1403 2976 1483 3013 fecit
1494 2978 1528 3022 ?)
1554 2988 1592 3014 ut
1616 2979 1650 3011 in
1665 2976 1797 3011 Latinis
1813 2976 1961 3015 dixerint

1158 3028 1326 3072 illylz'ttam
1342 3025 1378 3059 ὃς
1397 3029 1536 3063 Alili'am
1550 3043 1563 3069 5
1589 3024 1682 3074 quod
1704 3025 1840 3072 quidem
1856 3028 1961 3064 inter-

1156 3088 1230 3124 pres
1245 3074 1326 3110 facit
1349 3074 1468 3110 eodem
1487 3078 1556 3121 jure
1571 3100 1583 3119 ,
1608 3087 1677 3122 quo
1700 3074 1757 3110 lib.
1777 3088 1800 3120 4
1822 3088 1895 3125 cap.
1914 3088 1960 3125 59

1156 3124 1336 3173 Scythicos
1344 3123 1459 3167 Deos,
1481 3120 1600 3159 'omnes
1615 3123 1657 3159 ab
1673 3123 1854 3161 Herodoto
1869 3125 1960 3175 poli-

1906 3184 1961 3210 to<
