2112 3621
268 237 353 284 604
727 216 834 266 An
921 221 1465 266 LECTOREM„

270 299 311 333 ab
329 299 479 344 ingenuo
496 293 629 341 pudore
644 292 809 328 alienum:
837 292 1018 342 potiusque
1035 291 1132 327 nobis
1144 290 1335 339 virgiliana
1350 290 1457 326 virtus
1467 289 1503 324 ὅ(
1513 287 1740 325 Ciceroniana
1757 287 1955 339 simplicitas

267 348 408 394 placeat.
436 342 577 377 obnoxii
593 344 677 375 enim
693 342 849 388 profesto,
875 352 914 377 ut
932 342 1001 377 hoc
1015 340 1138 376 eodem
1155 352 1234 375 cum
1249 338 1359 374 Plinio
1378 339 1549 383 dicamus,
1576 341 1729 376 animi&
1745 340 1884 385 infelzczs
1903 344 1957 373 m-

259 397 349 442 gem't'
369 392 429 435 est,
458 391 649 436 deprehendi
666 395 699 424 in
709 393 803 436 furto
823 393 920 425 malle
935 415 948 433 ‚
972 403 1072 437 quam
1093 401 1243 424 mutuum
1262 388 1393 421 reddere
1414 413 1426 432 ,
1454 403 1553 435 quum
1570 391 1738 434 praesern'm
1751 390 1817 433 fbrs
1831 389 1895 434 fiat
1913 402 1955 422 ex

269 444 375 489 usura.
405 442 486 477 Nec
505 442 618 489 itaque
638 442 784 485 mirum,
811 453 916 488 quum
934 439 970 474 &
986 449 1116 475 veteres
1131 438 1191 487 ipfi
1212 438 1295 472 olim
1314 437 1391 472 ideo
1409 438 1497 473 male
1512 439 1667 473 audirent
1686 437 1902 486 frequenter,
1930 438 1954 473 fi

270 491 382 526 noster
392 491 581 540 ngyptius
596 489 626 524 se
652 492 756 525 uioris
773 492 838 536 jam
855 491 920 526 aevi
935 515 947 534 ‚
972 489 1120 525 alienum
1138 498 1274 536 partum
1300 485 1361 521 sibi
1380 486 1570 535 supponere
1587 487 1675 522 clam
1692 488 1860 523 volucrit:
1889 501 1955 535 qua

270 542 304 575 in
324 551 418 588 parte
433 550 568 584 tamen,
595 503 655 574 nisi
673 539 791 584 fallor,
818 539 1004 574 censoriam
1020 548 1138 573 notam
1154 536 1171 571 a
1190 535 1346 571 litteratis
1363 537 1440 572 viris
1451 537 1467 580 ,’
1488 534 1611 583 quibus
1627 536 1695 570 hoc
1708 537 1763 584 jus
1780 538 1836 572 sua
1845 538 1954 573 virtu-

271 600 307 625 te
322 590 439 626 datum
458 589 525 633 est,
553 589 640 624 haud
660 586 861 624 lucrifaciet.
889 587 1095 636 Exscripffi,
1120 588 1278 634 inquam,
1305 585 1366 619 ista
1382 597 1458 633 quie
1478 583 1612 619 illustris
1629 584 1956 621 historicusDiodo-

273 651 328 674 rus
339 639 472 674 Siculus
488 638 529 673 dc
541 639 619 673 Nili
635 648 823 686 augmento
840 636 928 673 libro
946 638 1058 685 primo
1075 636 1271 678 βιζλιοθηήης
1290 640 1420 677 ι’ςορμῆς
1436 633 1494 669 sub
1512 632 1618 668 finem
1639 635 1664 669 ’θ
1676 634 1793 680 πρώτης
1801 635 1958 678 μεφίᾰςῷι,

274 689 408 736 prolixe
424 689 569 723 aliorum
585 686 806 735 opinionibus
821 687 926 721 allatis
942 687 978 721 ἃ
996 685 1180 721 confutatis
1198 711 1209 730 ‚
1236 683 1421 732 disputavit
1437 708 1448 727 ,
1477 684 1651 718 simocata
1665 682 1707 717 ad
1723 682 1868 718 verbum
1888 683 1958 718 fere

273 749 349 772 raro
367 738 486 783 φθίσιν
504 738 689 772 immutans
705 763 716 781 ‚
744 734 941 784 quibusdam
960 736 1062 771 etiam
1087 733 1221 770 omiffis.
1255 733 1290 768 &
1308 733 1465 768 mutaflet
1482 731 1597 767 saltem
1615 732 1773 767 ordinem
1788 757 1800 777 ,
1827 731 1883 768 vel
1900 731 1960 767 ali-

273 786 356 834 quid
370 787 412 822 de
421 786 479 822 suo
497 787 638 835 largitus
656 797 793 835 quoque
810 786 931 820 fuiffet.
959 795 1072 820 cetera
1087 794 1166 818 eum
1185 784 1308 824 davi-ov
1325 781 1419 830 quod
1435 781 1475 817 ad
1491 794 1552 817 nos
1568 781 1692 816 attinet
1709 780 1831 817 diserte
1848 779 1958 830 profi-

273 845 387 871 temur
402 862 413 881 ‚
441 848 504 871 nec
519 835 704 884 quidquam
723 836 880 870 volumus
895 834 973 869 alias
997 832 1188 868 detraetum
1205 857 1217 875 ,
1241 841 1279 866 ut
1303 844 1406 879 quem
1430 841 1593 866 excutere
1609 830 1809 879 diligentius
1823 830 1958 866 nullum

276 884 379 920 suerit
390 885 551 921 hactenus
559 886 687 920 ocium.
712 884 833 929 Qum
843 897 881 919 ea
889 884 1002 931 itaque
1018 894 1061 916 ex
1070 882 1256 916 simocatae
1271 880 1424 915 editione
1438 893 1565 929 nupera
1579 880 1959 928 adjeciffemus,quam-

275 935 325 970 vis
343 934 549 970 correffiora
560 959 571 978 ‚
589 933 678 968 haud
696 947 782 982 opus
798 934 861 968 effe
877 932 1094 981 putavimUS‚
1111 930 1163 964 uti
1178 929 1296 964 eadem
1312 941 1356 964 ex
1367 929 1529 964 Diodoro
1546 927 1812 965 describeremus
1829 930 1959 973 denuo,

277 983 389 1018 actum
406 993 543 1033 agentes
560 982 688 1018 scilicet
707 997 714 1018 :
743 982 929 1031 praesertim
956 992 1062 1029 quum
1080 981 1105 1014 is
1130 977 1149 1013 ὲ
1164 979 1295 1014 Mai-nii
1323 977 1428 1013 nostri
1455 977 1594 1013 officina
1617 990 1688 1013 non
1711 979 1759 1013 ita
1776 979 1909 1027 pridem
1923 980 1960 1013 in

278 1032 457 1080 publicum
476 1033 586 1067 editus
603 1031 644 1067 fit
661 1031 680 1066 ’.ἰ
696 1032 1008 1075 L.Rhodomano‚
1032 1029 1109 1065 viro
1119 1029 1236 1063 amico
1251 1030 1348 1075 cujus
1365 1028 1566 1063 memoriam
1583 1027 1693 1062 sancte
1709 1027 1874 1072 colimus,
1899 1040 1960 1063 cu-

278 1081 393 1130 jusque
410 1094 453 1116 ex
469 1082 568 1117 obitu
586 1082 714 1116 litteras
729 1082 870 1117 Graecas
885 1080 1133 1115 detrimentum
1150 1078 1314 1126 accepisse
1329 1087 1427 1113 certo
1443 1077 1602 1112 novimus
1617 1076 1653 1111 &
1669 1087 1708 1112 ut
1724 1089 1784 1124 par
1799 1076 1849 1112 est
1865 1077 1962 1113 dole-

273 1125 363 1166 inus.
392 1130 634 1179 Excerpsimus
651 1129 765 1166 saltem
775 1130 990 1166 Herodoteae
1006 1128 1182 1163 sententiae
1197 1127 1374 1162 οίνεισ-κευῖα]
1386 1156 1393 1167 ‚
1403 1136 1442 1161 ut
1459 1126 1549 1174 apud
1567 1127 1603 1162 D
1614 1138 1657 1161 10
1667 1139 1693 1163 D
1703 1139 1726 1161 o
1737 1137 1835 1162 RUM
1850 1126 1961 1175 ipsum

276 1192 315 1214 ea
331 1180 480 1216 extabat.
509 1184 532 1230 ’3
553 1185 657 1215 ταῦτα
675 1180 780 1219 ταύτῃ.
808 1179 890 1214 Post
907 1179 984 1213 haec
1001 1176 1141 1226 insignis
1158 1177 1252 1212 locus
1269 1174 1419 1224 sequitur
1435 1188 1478 1210 ex
1505 1177 1536 1210 A
1548 1188 1651 1211 Risu*
1662 1189 1673 1211 1
1685 1188 1710 1211 n
1721 1188 1732 1210 1
1744 1188 1760 1210 s
1787 1175 1962 1211 Adrianaei

277 1231 434 1265 oratione
450 1230 664 1278 AEgyptiaca
680 1231 739 1277 qui
755 1228 925 1277 prolixam
942 1226 1218 1262 confutationem
1246 1227 1403 1261 continet
1419 1237 1538 1261 eorum
1556 1236 1633 1273 quae
1648 1223 1781 1273 scripfit
1797 1225 1964 1261 Herodo—

278 1287 333 1313 tus
348 1279 390 1314 de
408 1278 485 1315 Nili
504 1278 616 1314 auctu.
668 1278 872 1313 Merebatur
885 1277 960 1312 sane
975 1288 1014 1311 ea
1039 1276 1150 1310 oratio
1174 1285 1248 1310 tota
1274 1276 1331 1310 hic
1349 1275 1425 1311 addi
1441 1299 1453 1319 ‚
1479 1274 1541 1309 nisi
1558 1274 1744 1323 longitudo
1759 1274 1964 1318 obstitisset,

275 1340 383 1375 quum
401 1338 516 1376 operae
532 1328 656 1362 nostrae
672 1329 731 1363 vix
746 1328 794 1362 ita
809 1327 943 1374 sperent
958 1324 989 1360 se
1006 1325 1094 1361 hanc
1109 1325 1299 1361 editionem
1322 1324 1472 1374 tempori
1494 1323 1713 1359 absoluturas.
1757 1322 1910 1372 Copiose
1925 1337 1962 1361 e-

276 1377 347 1411 nim
365 1377 400 1412 ὃς
416 1378 466 1411 ele
494 1387 590 1411 anter
606 1387 747 1410 omnem
765 1375 853 1409 hanc
878 1375 1082 1422 opinionum
1106 1374 1305 1410 varietatem
1327 1373 1512 1422 pertraftat
1526 1399 1538 1418 ,
1563 1373 1713 1422 primum
1738 1371 1782 1408 de
1799 1372 1909 1409 etesiis
1925 1377 1963 1410 ὥς

276 1426 390 1471 γελοῖόν
411 1441 443 1460 τε
465 1388 492 1462 ἕ
506 1425 625 1460 ἀναιδὲς
641 1423 742 1458 hosce
759 1434 880 1457 ventos
897 1421 1019 1457 afferre
1037 1435 1101 1470 pro
1119 1423 1226 1458 caussa
1250 1423 1338 1459 illius
1353 1423 1557 1459 incrementi
1575 1436 1582 1458 ε
1609 1420 1690 1458 dein
1707 1421 1750 1458 de
1765 1422 1902 1458 nivibus
1919 1424 1961 1459 li-

275 1474 512 1520 quescentibus
530 1471 623 1521 quod
642 1468 807 1515 afferant,
834 1484 905 1506 non
921 1471 1029 1518 magis
1044 1483 1164 1505 verum
1179 1471 1244 1505 esse
1261 1485 1268 1505 :
1290 1483 1365 1506 tum
1380 1472 1580 1506 sententiam
1597 1497 1609 1515 ‚
1634 1483 1712 1519 quae
1728 1472 1764 1507 in
1781 1472 1961 1520 Anonymi

274 1522 402 1570 scripto
417 1522 582 1557 tribuitur
597 1520 1014 1567 Callistheni,redarguit.
1042 1519 1120 1553 inde
1140 1519 1361 1553 Herodotum
1380 1521 1532 1554 nostrum
1544 1521 1645 1563 ‚exin
1661 1520 1844 1567 Ephorum
1855 1533 1961 1566 ,mox

276 1571 556 1618 Euthymenem‚
583 1570 659 1619 post
676 1568 900 1617 Oenopidem
916 1594 928 1613 ‚
953 1567 1092 1603 tandem
1111 1566 1148 1602 &
1164 1567 1273 1616 ipsum
1290 1568 1487 1602 Homerum
1504 1567 1716 1617 aggreditur.
1742 1569 1926 1605 Aristidem
1936 1573 1964 1605 i-

275 1630 377 1668 taque
395 1623 409 1654 ὁ
428 1621 610 1666 φιλοἼοιέτος
626 1618 738 1668 potest
756 1619 847 1653 adire
864 1617 985 1666 ipsum.
1013 1617 1094 1653 Nos
1108 1627 1243 1652 tantum
1259 1643 1272 1663 ‚
1298 1618 1349 1653 uti
1365 1618 1536 1662 diximus,
1563 1629 1636 1652 eam
1653 1618 1816 1652 orationis
1830 1629 1964 1666 partem

274 1681 352 1718 quae
369 1669 522 1705 adversus
539 1668 761 1704 Herodotum
778 1667 932 1703 nostrum
950 1666 1079 1702 directa
1101 1678 1288 1715 excerpere
1312 1668 1499 1715 potuimus.
1532 1667 1597 1701 His
1614 1665 1774 1702 omnibus
1789 1666 1966 1703 au&arioli

275 1719 356 1754 loco
371 1718 528 1768 quaedam
545 1720 582 1754 in
598 1718 740 1754 eandem
757 1730 829 1752 rem
845 1729 889 1752 ex
907 1717 929 1752 S
940 1729 963 1751 'r
976 1729 1001 1752 R
1014 1729 1039 1752 Α
1049 1729 1070 1753 B
1080 1729 1103 1752 o
1115 1729 1142 1752 N
1151 1728 1174 1752 Ε
1183 1741 1195 1761 ‚
1204 1718 1240 1752 D
1250 1730 1261 1752 1
1273 1729 1296 1752 o
1306 1729 1332 1753 N
1342 1730 1364 1752 E
1383 1712 1450 1752 five
1465 1718 1536 1764 ejus
1551 1715 1832 1751 abbreviatorex
1842 1729 1854 1751 1
1865 1729 1886 1752 P
1896 1729 1923 1753 H
1934 1730 1964 1752 1-

278 1780 302 1804 L
314 1781 325 1803 1
336 1781 363 1804 N
374 1782 417 1813 o,
443 1768 480 1804 &
498 1768 534 1804 H
545 1782 567 1804 E
581 1781 605 1804 L
616 1781 660 1804 10
670 1780 695 1803 D
706 1780 728 1802 o
741 1780 766 1802 R
777 1780 799 1802 0
816 1765 1020 1815 subjecimus
1037 1779 1045 1801 :
1073 1778 1200 1816 agmen
1216 1779 1299 1802 vero
1315 1767 1384 1802 hoc
1401 1765 1499 1801 nobis
1515 1764 1643 1801 claudit
1659 1765 1695 1799 T
1705 1776 1733 1800 Η
1746 1778 1769 1801 E
1785 1776 1808 1801 ο
1818 1778 1843 1801 D
1854 1779 1877 1801 o
1888 1779 1913 1802 R
1924 1779 1966 1803 Ε-

277 1829 360 1852 TUs
377 1818 463 1865 Cyri
478 1816 676 1865 episcopus,
700 1829 804 1866 quem
822 1815 986 1862 σύμψηφον
1007 1816 1192 1852 Herodoto
1210 1815 1326 1850 nostro
1344 1815 1440 1851 fuisse
1457 1824 1571 1864 patet,
1598 1813 1681 1849 licet
1700 1815 1756 1863 pie
1764 1825 1903 1851 moneat
1912 1817 1965 1851 ni*

277 1866 382 1901 miam
392 1866 625 1902 curiositatem
641 1867 676 1901 in
693 1864 859 1911 eiusmodi
875 1864 1031 1901 abstrufis
1048 1866 1147 1901 nobis
1162 1863 1394 1900 abstinendam
1410 1865 1485 1900 esse.
1510 1864 1602 1899 Haec
1616 1863 1691 1898 sunt
1702 1889 1714 1908 ‚
1738 1865 1848 1900 amice
1856 1865 1966 1903 lector

278 1927 356 1963 quae
373 1928 453 1951 cum
470 1916 529 1951 ista
543 1916 689 1964 προσθήκῃ
708 1909 772 1951 ‘tibi
790 1914 918 1949 damus.
960 1915 1169 1964 Interpretes
1185 1913 1396 1964 singulorum
1416 1917 1677 1960 Σπαποισμοιτίων
1695 1912 1736 1948 ad
1754 1926 1848 1950 oram
1868 1916 1966 1964 pagi-

278 1976 398 2000 narum
414 1965 621 2001 exteriorem
640 1965 874 2000 indicavimus.
901 1964 1021 1999 Unico
1038 1965 1091 2000 isti
1107 1963 1129 2004 Ξ
1147 1966 1287 2010 α’νωνύμκ
1298 1989 1310 2008 ,
1337 1964 1430 2012 quod
1447 1962 1634 2000 secundum
1649 1975 1795 1999 numero
1811 1964 1964 2009 est‚nul-·

278 2012 329 2048 lus
344 2014 496 2050 exstabat
511 2014 604 2063 quod
622 2014 760 2063 quidem
780 2012 908 2048 noffcm
918 2030 929 2055 3
958 2013 1074 2049 inveni
1090 2023 1204 2049 tamen
1229 2015 1288 2062 qui
1303 2014 1527 2049 tumultuaria
1550 2026 1654 2062 opera
1668 2013 1705 2047 in
1720 2011 1882 2048 Latinam
1899 2013 1963 2048 lin-

279 2075 383 2111 guam
395 2074 611 2099 converteret
620 2090 631 2109 ‚
658 2073 826 2112 rogatque
836 2061 942 2097 sicubi
952 2062 1157 2099 aberraverit
1166 2062 1207 2097 ab
1218 2063 1369 2098 humano
1378 2061 1506 2098 lectore
1513 2063 1660 2098 veniam.
1687 2062 1832 2098 Graecus
1847 2070 1964 2097 textus

282 2121 322 2146 ut
337 2114 372 2147 in
391 2112 589 2160 quibusdam
607 2114 711 2147 etiam
736 2111 950 2147 emendatior
966 2135 978 2156 ‚
1027 2124 1104 2147 uam
1127 2121 1226 2146 antea
1247 2111 1373 2146 accidit
1388 2137 1400 2156 ,
1427 2110 1584 2147 ederetur
1598 2137 1611 2156 ‚
1637 2122 1776 2158 operam
1792 2121 1856 2157 pro
1870 2110 1961 2147 virili

281 2160 748 2209 dedimuszidqueadparebit
765 2160 860 2208 spero
878 2159 902 2194 fi
919 2161 976 2194 cui
999 2124 1090 2196 sbrte
1107 2171 1304 2207 comparare
1320 2159 1450 2195 libebit.
1478 2159 1551 2194 Alia
1568 2160 1724 2207 quaedam
1733 2159 1854 2206 quaein
1864 2170 1961 2194 menn

284 2219 355 2244 tem
371 2209 573 2253 veniebant,
598 2210 653 2245 vel
670 2208 883 2244 admonenda
899 2208 1103 2246 videbantur
1119 2235 1131 2254 ‚
1157 2220 1196 2244 ut
1211 2208 1247 2243 &
1262 2208 1419 2256 quasdam
1435 2207 1476 2242 ab
1494 2209 1564 2243 aliis
1581 2207 1742 2242 adnotata
1758 2232 1769 2250 ‚
1796 2218 1834 2242 ea
1850 2206 1891 2242 ad
1909 2210 1963 2243 in-

283 2258 423 2294 feriores
439 2260 640 2307 paginarum
658 2271 731 2293 oras
746 2257 971 2306 adposuimus.
997 2259 1104 2303 Vale,
1114 2257 1222 2296 lestor
1237 2269 1346 2292 amice
1363 2256 1399 2291 δε
1417 2256 1579 2300 candide,
1589 2267 1797 2305 operamque
1812 2256 1961 2294 nostram

288 2307 421 2356 qualern
438 2308 572 2355 qualem
588 2307 671 2342 boni
687 2306 834 2342 consule.

1852 3169 1970 3205 ntri
