2112 3621
293 245 385 285 ET
429 241 812 286 OBSERVAT.
856 242 931 283 IN
974 245 1345 287 HERODOT.
1390 247 1506 289 L113.
1547 246 1578 287 I.

99 311 235 348 tandum
255 309 381 344 censuit
396 311 592 344 Herodotus
603 333 613 352 ,
640 308 675 343 ἃ
692 309 829 356 proprie
845 308 901 342 ad-

98 361 207 394 ditum
228 358 269 392 ab
286 359 444 405 Delphis.

144 413 178 452 6,
198 418 249 451 39.
277 404 542 452 Teosmgsse'novffi]
579 407 659 442 MS.
676 404 900 451 τεωερθῖκονῖρῖ.

98 457 154 492 Sic
183 451 320 503 quoque
337 455 490 504 perverse
507 456 637 490 editum
665 466 735 490 erat
759 468 788 489 c.
809 466 844 502 31
866 455 899 488 Sc

97 509 178 549 206,
187 504 279 551 quod
290 504 473 552 utrobique
489 517 531 539 ex
543 506 623 540 MS.
634 505 765 539 correxi
777 531 784 543 ,
795 515 899 551 quum

97 567 165 588 non
182 554 278 588 aliter
295 554 441 588 voluerit
453 553 653 588 Herodotus
672 553 776 600 loqui.

142 615 179 648 7,
189 615 221 649 4.
249 603 388 649 Σμύξνῖω
401 618 433 638 τε
445 599 899 648 rlw*tivi’ci[<o7tospa7i¹&n2109.]

97 651 206 696 Quod
227 652 301 699 post
319 662 374 686 tot
390 650 496 699 prisca
520 651 726 697 exemplaria
751 649 903 684 adhibita

97 702 156 736 vix
174 700 356 749 exspecfihri
375 709 509 748 poterat
524 725 535 743 ,
560 698 644 733 scito
661 699 730 747 legi
756 700 791 733 in
809 698 901 746 opti-

96 762 156 784 1no
172 750 253 784 Ms.
264 750 324 783 xm?
340 761 413 784 Κολ.
441 749 522 791 Qua
539 750 728 783 mutatione
743 749 851 783 cernis
867 759 900 781 e-

97 798 216 846 gregie
231 797 360 845 dispelli
377 797 628 832 dubitationem
646 796 901 832 Grentemesni-

96 847 132 881 lii
149 871 160 888 ,
187 845 254 882 five
271 846 597 881 animadve1·fionem
621 859 745 881 vocare
768 846 900 894 placet,

94 894 374 943 praepositionem
395 896 466 933 (2513
491 894 733 931 considerantis
755 895 898 929 nimium

95 943 206 988 ateste,
230 953 390 992 tanquam
407 945 551 993 Smyrna
568 943 628 979 fita
643 944 701 980 sub
718 944 900 992 Colopho-

94 1006 139 1028 ne
152 992 343 1036 diceretur,
353 993 435 1028 dum
451 993 617 1029 detreetat
634 992 814 1042 agnoscere
825 1005 899 1027 ver-

97 1042 224 1077 sionem
250 1041 363 1078 Vallae
378 1067 390 1086 ,
416 1043 474 1089 qui
500 1041 591 1077 reete
616 1043 797 1077 intellexit.
848 1042 901 1076 Ita

95 1091 181 1126 mihi
201 1091 337 1127 videtur
350 1091 532 1139 agendum.
558 1092 676 1126 Simile
689 1104 732 1126 ex
751 1092 833 1126 MS.
849 1099 899 1124 te-

96 1140 201 1175 statur
224 1140 298 1175 Th.
323 1140 411 1175 Gale
427 1165 439 1185 ,
471 1139 526 1175 sed
552 1150 675 1175 caetera
700 1151 770 1175 non
800 1138 900 1174 intel-

95 1189 179 1238 ligo.

144 1250 181 1285 7,
196 1250 248 1273 10.
275 1237 459 1274 Ε’πελαιῦνων
476 1239 508 1282 ᾧ
522 1236 746 1284 ἐπολιόρκηζε]
775 1237 855 1272 MS.
871 1236 898 1270 i-

94 1286 172 1321 dem
190 1287 360 1333 ἐπολιέςκεε
375 1311 387 1330 ,
412 1287 447 1321 &
466 1286 578 1331 reete,
605 1299 710 1334 quum
731 1285 817 1321 istud
835 1287 899 1319 im-

94 1334 284 1383 perfeetum
317 1345 452 1383 tempus
477 1336 513 1371 in
544 1335 758 1383 sequentibus
783 1334 900 1370 exaete

94 1383 259 1418 iervatum
273 1385 343 1432 jam
360 1397 451 1420 nunc
468 1385 549 1419 effet
566 1385 811 1420 inchoandum.

140 1444 244 1480 7,17.
272 1432 328 1468 Ε’ὀι
345 1434 363 1479 *j
378 1433 452 1474 κοιῶδ
469 1432 577 1480 χιεῖξζω
597 1433 775 1480 mistum]
809 1432 901 1479 Opi·-

96 1494 160 1516 nor
176 1482 243 1517 hoc
259 1481 323 1516 effe
340 1482 536 1529 exemplum
547 1507 558 1526 ,
577 1482 670 1530 quod
689 1491 767 1517 ante
783 1481 902 1516 oculos

95 1530 161 1565 fuit
170 1530 388 1574 Camerario,
400 1530 481 1565 dum
501 1531 677 1565 varietates
689 1531 819 1564 Ionicae
837 1529 901 1563 lin-

95 1591 175 1627 guae
195 1580 229 1613 in
248 1579 434 1614 Herodoto
462 1588 603 1613 annotat
619 1591 698 1627 pag.
715 1577 785 1625 718
804 1578 903 1625 hujus

96 1627 255 1662 editionis
267 1643 274 1662 ;
301 1627 354 1662 sed
364 1640 406 1662 ex
417 1637 583 1674 corrupto
593 1627 779 1676 exemplari
789 1626 829 1661 ab
840 1626 901 1662 Al-

96 1675 142 1710 do
150 1676 281 1711 editum
292 1675 417 1711 &alibi
427 1688 497 1711 non
517 1675 712 1724 usurpatum
720 1676 820 1724 jubet
838 1676 900 1711 ho-

96 1737 132 1759 ra
148 1724 284 1759 tandem
302 1724 502 1774 detergere,
518 1737 623 1772 quum
642 1726 731 1760 clare
742 1724 902 1760 exhibeat

97 1775 248 1822 optimus
273 1774 351 1809 MS.
370 1775 489 1818 ἑςιένιιι,
516 1774 610 1821 quod
628 1775 675 1809 est
694 1783 900 1822 perpetuum

97 1824 134 1858 in
144 1823 336 1858 Herodoto.
365 1824 406 1858 In
425 1823 633 1871 praecedenti
650 1823 797 1859 elestum
814 1822 833 1857 a
848 1834 903 1857 me

97 1872 145 1907 est
162 1872 304 1907 verbum
330 1876 458 1908 οἰπέαποι
475 1896 487 1915 ,
512 1874 640 1920 quippe
665 1872 757 1920 quod
783 1871 903 1919 suppe-

97 1920 227 1956 ditabat
252 1921 343 1956 idem
378 1921 490 1956 codex
515 1922 551 1957 δε
577 1934 619 1956 ex
644 1920 707 1957 suis
733 1934 771 1956 ac
801 1920 904 1956 Suida

97 1969 325 2005 confirmabat
341 1971 414 2006 Th.
425 1970 523 2005 Gale.

144 2030 182 2064 7,
195 2030 247 2053 LO.
277 2022 413 2064 Ε’πὲδῷης
433 2020 474 2064 μή
493 2019 559 2055 εἶναι
577 2019 691 2067 ἔργον]
719 2020 753 2054 Si
770 2019 835 2054 fuit
855 2029 904 2054 ta-

98 2067 130 2102 le
156 2068 332 2115 ingenium
350 2068 483 2115 Tanaq.
499 2069 528 2103 F
529 2068 610 2103 abro
627 2094 638 2113 ,
664 2081 788 2116 nempe
811 2068 905 2103 dedi-

99 2126 174 2151 tum
199 2116 375 2152 scribendo
393 2142 404 2161 ,
439 2129 508 2151 non
532 2117 735 2164 inquirendo
751 2143 762 2162 ,
789 2117 907 2152 debuit

97 2165 268 2210 Petavius,
281 2165 456 2201 Herodoti
471 2175 620 2201 attentus
634 2165 754 2211 leetor,
765 2177 857 2201 certe
872 2169 907 2204 id

98 2214 283 2263 castigare,
309 2227 414 2262 quum
431 2224 524 2250 totus
539 2213 599 2250 iste
615 2215 764 2263 epistola:
782 2216 906 2253 articu-

98 2263 155 2298 lus‘
166 2264 274 2299 hilum
291 2277 362 2299 non
378 2274 559 2299 mereatur.
594 2263 693 2306 Quid
709 2265 824 2312 potuit
841 2267 907 2301 cla-

99 2312 166 2347 rius
183 2313 256 2348 fieri
273 2338 285 2357 ,
310 2325 412 2361 quam
429 2313 544 2348 attulit
561 2313 659 2348 AEm.
676 2314 799 2348 Portus
818 2314 905 2361 [ἐπέ-

101 2362 149 2403 ιῆοη
165 2362 239 2397 Ion.
256 2375 319 2409 pro
342 2374 470 2397 comm.
487 2363 598 2407 {effluat
614 2386 625 2405 ,
652 2374 747 2396 mora
771 2375 847 2409 quae
864 2364 904 2399 ab

100 2409 213 2457 aliquo
229 2411 488 2455 trahitur,dum
507 2410 631 2446 alicubi
645 2412 739 2458 juxta
759 2412 904 2459 aliquem

101 2458 218 2495 locum
234 2459 289 2494 vel
304 2460 479 2506 personam
495 2459 605 2504 sedet,
631 2470 766 2503 manet,
793 2474 904 2497 mora-

101 2520 178 2552 rur,
206 2518 240 2554 5,
248 2512 306 2554 65.
323 2508 382 2543 lib.
398 2521 420 2543 1.
438 2521 468 2543 c.
483 2520 526 2555 17
542 2508 660 2544 vitiose
675 2508 836 2556 scriptum
853 2512 904 2545 vi-

101 2556 202 2591 detur
217 2560 260 2591 ἐπ’
279 2557 355 2600 {cham
371 2569 435 2604 pro
461 2560 581 2602 {afflant
605 2559 705 2593 unica
730 2558 839 2605 voce]
870 2560 903 2594 1-

102 2615 172 2640 tem
190 2606 225 2639 in
240 2618 272 2640 v.
290 2605 502 2654 Eknomquum
519 2606 648 2642 citaffet
665 2608 757 2642 hunc
775 2607 903 2654 locum,

101 2654 196 2689 addit
227 2654 318 2700 [Sed
335 2654 517 2703 legendum
536 2656 682 2691 arbitror
699 2657 798 2691 unica
816 2670 903 2693 voce

100 2704 223 2748 ἐπέδῲης
238 2712 276 2738 ut
295 2704 401 2750 5265]
430 2703 551 2750 Quum
568 2717 650 2740 vero
668 2705 703 2740 &
720 2705 836 2741 Suidas
851 2716 903 2741 et-

102 2752 167 2787 iam
186 2752 297 2787 Galeo
321 2761 422 2788 notus
442 2754 503 2801 ipfi
528 2753 669 2790 offerret
694 2755 781 2790 hanc
807 2767 902 2791 com-

102 2800 248 2849 pofitam
264 2813 386 2837 vocem
396 2827 408 2846 ‚
419 2813 511 2838 certe
526 2802 646 2839 debuit
660 2803 692 2838 se
708 2805 877 2840 coercere.

151 2862 188 2897 7,
199 2862 254 2897 27.
281 2850 324 2885 Ε”ν
339 2866 371 2885 τε
388 2851 566 2899 Λιμενηΐῳ]
594 2853 676 2887 Huc
692 2853 828 2888 tandem
846 2867 904 2889 ve-

103 2900 233 2943 nimus,
259 2909 299 2934 ut
321 2899 389 2935 dici
406 2900 527 2935 debeat
541 2926 554 2944 ,
579 2902 637 2937 hic
654 2902 757 2937 rodus
773 2902 830 2938 hic
846 2902 904 2940 sal-

1681 258 1761 300 799

953 311 1184 356 pereruditum
1204 312 1238 346 &
1258 314 1355 359 plane
1373 315 1553 361 H‘3050750v3
1575 325 1644 348 non
1663 313 1758 360 quod

951 359 1156 394 vocabulum
1173 361 1239 395 loci
1263 362 1352 397 aliud
1371 363 1512 411 vulgato
1531 363 1612 397 hinc
1629 373 1755 410 procu-

951 406 1087 451 damus,
1114 410 1384 457 appellemulque
1400 411 1673 455 Enlimeneium,
1699 409 1756 446 sed

953 457 1111 501 praeclara
1127 458 1376 504 praepositionis
1401 460 1581 494 iteratione
1605 459 1755 495 educen-

950 503 992 538 da
1010 505 1230 540 Herodotum
1250 507 1462 542 illustremus.
1499 507 1639 542 Scilicet
1656 518 1757 543 nota-

951 553 1002 587 vit
1018 553 1229 589 Camerarius
1247 567 1323 602 pag.
1335 568 1407 601 719
1424 555 1682 603 praepofitiones
1696 555 1756 591 ab·

949 599 1057 636 solute
1076 602 1164 649 quasi
1184 604 1419 638 adverbialiter
1435 603 1522 651 saepe
1537 604 1640 651 poni,
1667 604 1700 639 ὅ(
1719 605 1757 640 in

951 651 1002 685 his
1020 655 1050 685 ἐκ
1067 654 1111 686 δὲ.
1147 652 1235 686 Item
1257 653 1381 687 Portus
1398 653 1530 688 notavit
1554 651 1650 686 istam
1667 664 1756 699 prae-

951 698 1157 747 positionem
1182 700 1250 735 fine
1275 701 1345 737 ullo
1371 700 1446 736 casu
1471 700 1582 736 verbis
1600 701 1755 749 expresso

951 749 1034 796 poni
1051 749 1119 784 &c.
1146 761 1188 784 ex
1213 762 1243 784 c.
1259 762 1307 797 74
1331 753 1374 785 E’v
1393 750 1411 795 fi
1431 748 1450 786 (ξ
1469 750 1670 796 νυκἾομοεχίῖω
1688 749 1758 785 viva?

951 797 1123 837 ἐποιῆσοωἹο.
1151 798 1187 832 ὃς
1209 797 1273 846 185
1293 799 1329 833 δε
1349 811 1424 840 192..
1457 799 1506 833 Et
1530 798 1604 834 sane
1630 798 1663 833 id
1680 799 1756 847 qui-

952 846 1030 881 dem
1048 847 1095 882 est
1112 846 1330 895 perfrequens
1346 873 1358 892 ,
1383 858 1486 895 prout
1503 848 1545 886 ab
1563 848 1683 896 quovis
1708 847 1758 882 le-

950 895 1046 930 &tore
1062 896 1174 944 potest
1198 898 1340 945 congeri
1357 911 1364 932 :
1393 897 1490 932 facile
1516 898 1607 934 enim
1624 895 1759 944 potest,

952 945 987 980 ὃς
1005 944 1114 980 forsan
1132 945 1218 980 infra
1244 956 1404 981 occurret
1430 958 1567 994 quoque
1594 944 1691 980 nobis
1706 944 1759 979 di-

951 994 1109 1029 cendum.
1145 994 1210 1030 Sed
1228 1005 1267 1030 ut
1284 995 1450 1043 geminari
1468 996 1650 1044 contingat
1669 1006 1757 1042 prae-

951 1043 1157 1090 positionem
1173 1043 1268 1078 istam
1285 1069 1297 1088 ,
1323 1043 1356 1078 id
1374 1057 1456 1079 vero
1473 1044 1521 1079 est
1540 1045 1638 1092 plane
1655 1044 1757 1091 igno-

952 1091 1090 1135 tum‚&
1100 1102 1214 1127 tamen
1232 1092 1442 1127 firmabimus
1458 1093 1631 1141 exemplis.
1646 1093 1757 1127 Nunc

952 1140 1058 1188 igitur
1072 1139 1286 1176 scribendum
1303 1141 1465 1176 distinctis
1483 1141 1621 1190 lingulis
1637 1142 1663 1177 ἓν
1680 1157 1712 1176 τε
1724 1145 1757 1176 ἐν

953 1192 1108 1234 Λιμενηΐῳ.
1125 1199 1164 1223 ut
1180 1199 1213 1232 Ζ,
1230 1194 1305 1236 176.
1325 1194 1362 1223 E'v
1381 1192 1398 1235 {j
1417 1191 1438 1226 (ἒ
1455 1196 1485 1226 ὸν
1505 1197 1616 1236 Μέμφι
1634 1190 1758 1224 “i-{inlicit

951 1239 1075 1282 κείμενον
1096 1240 1232 1272 aomar&
1246 1266 1253 1276 .
1281 1238 1374 1286 quod
1390 1239 1587 1286 exemplum
1605 1239 1645 1273 ab
1662 1239 1756 1273 nullo

951 1297 1159 1330 annotatur,
1186 1286 1246 1323 ets1
1274 1289 1422 1322 maxime
1442 1287 1664 1335 conspicuum
1681 1311 1692 1329 ‚
1718 1296 1758 1321 ut

953 1335 997 1370 sic
1014 1336 1049 1370 in
1064 1348 1209 1371 vacuum
1226 1336 1462 1384 interficiatur.
1480 1338 1600 1384 Itaque
1617 1336 1758 1370 ulterius

949 1386 1018 1432 jam
1036 1384 1196 1432 progredi
1213 1395 1371 1432 oportet,
1387 1386 1422 1420 &
1439 1385 1532 1433 quod
1549 1384 1758 1420 beneficium

953 1433 1127 1480 praebetur
1141 1433 1182 1467 ab
1199 1434 1280 1468 MS.
1298 1435 1455 1480 optimo,
1473 1433 1519 1468 fic
1534 1434 1647 1468 denuo
1664 1433 1758 1467 resti-

954 1482 1080 1516 tuimus
1104 1481 1324 1525 Herodotum
1352 1494 1395 1516 ex
1419 1494 1461 1516 co
1494 1483 1529 1516 in
1555 1483 1654 1529 hujus
1680 1480 1758 1516 libri

955 1542 1028 1577 cap.
1046 1534 1104 1573 67.
1154 1531 1233 1575 E'yui
1253 1533 1284 1574 ‘ffb‘
1306 1535 1336 1565 ‘w
1358 1534 1429 1577 τῇδε
1448 1534 1545 1566 θέλων
1570 1535 1599 1565 ἐν
1619 1535 1654 1576 τῇ
1679 1533 1760 1575 αὐλῇ

956 1584 1057 1625 Φρέαρ
1075 1579 1242 1620 ποιήσαοθὲ,
1253 1579 1310 1614 ubi
1328 1579 1492 1626 posterius
1503 1584 1533 1614 ἐν
1543 1578 1649 1627 vulgo
1658 1578 1760 1613 abest.

954 1627 1008 1662 Ut
1035 1628 1175 1676 egregie
1200 1627 1348 1676 suspensa
1373 1629 1482 1663 oratio
1510 1641 1593 1662 mox
1620 1628 1760 1662 demum

954 1677 1164 1712 nanciscatur
1180 1676 1429 1724 plenitudinem
1439 1703 1450 1721 ,
1467 1689 1538 1712 non
1552 1687 1622 1712 tam
1638 1677 1674 1711 in
1688 1676 1760 1712 sen-

955 1727 1190 1772 tentia,quam
1207 1726 1374 1774 elegantia
1390 1725 1520 1774 prorsus
1536 1725 1759 1769 Hei-odotem,

955 1787 1032 1823 quae
1049 1773 1144 1809 caula
1161 1773 1228 1818 est,
1254 1785 1292 1809 ut
1311 1786 1417 1823 cogar
1432 1774 1586 1824 suspicari
1603 1775 1636 1811 id
1653 1786 1761 1824 genus

954 1822 1116 1871 loquendi
1135 1834 1338 1871 corruptum
1356 1823 1420 1859 esse
1437 1825 1472 1859 in
1496 1824 1552 1859 lib.
1578 1835 1591 1871 3
1611 1837 1684 1872 cap.
1707 1823 1759 1872 38.

956 1881 1082 1908 ποὶλοῖσι
1097 1888 1130 1907 τε
1144 1871 1166 1909 ἒ
1185 1871 1292 1907 o'c'ftxoica
1303 1873 1492 1918 τεκμηρλίοισι
1509 1873 1617 1919 πάρες-ι
1638 1875 1763 1918 ςαθμώ-

956 1922 1042 1964 σοιιθζ
1059 1949 1068 1962 ,
1097 1928 1128 1957 ὲν
1147 1922 1166 1966 {¹3
1185 1922 1219 1960 δὴ
1240 1920 1262 1958 (ἑ
1279 1926 1372 1968 τῷδε.
1414 1922 1471 1957 Sic
1498 1923 1605 1970 vulgo
1628 1921 1761 1968 editur,

956 1983 1066 2018 neque
1084 1983 1126 2006 ex
1145 1970 1216 2005 aliis
1232 1971 1480 2018 exemplaribus
1496 1973 1679 2018 quidquam
1699 1984 1761 2006 no-

957 2022 1054 2065 tavi,
1081 2031 1187 2068 quum
1208 2029 1323 2054 tamen
1348 2019 1480 2067 prorsus
1504 2020 1659 2055 videatur
1683 2019 1761 2055 scri-

958 2068 1071 2117 pfiffe,
1090 2075 1120 2105 ἐν
1139 2069 1157 2114 {3
1175 2069 1209 2108 δὴ
1229 2068 1250 2105 (ὲ
1269 2075 1299 2104 ἐν
1317 2072 1408 2114 τῷδε.
1443 2069 1560 2117 Atque
1576 2070 1622 2103 ita
1644 2081 1761 2116 repur-

957 2120 1035 2167 gavi
1052 2130 1189 2153 manum
1199 2117 1374 2152 Herodoti
1393 2117 1429 2152 &
1446 2118 1631 2165 exemplari
1647 2117 1761 2152 Medi-

957 2180 1020 2202 ceo
1037 2167 1083 2202 ob
1103 2167 1205 2202 fidem
1224 2166 1336 2201 laudes
1353 2166 1529 2215 gratesque
1544 2167 1612 2214 egi.
1638 2166 1704 2201 Sed
1719 2180 1762 2202 an

958 2216 1026 2251 hoc
1044 2215 1151 2251 solum
1171 2215 1219 2250 est
1235 2215 1403 2259 fulcrum,
1429 2217 1486 2250 cui
1504 2216 1640 2250 innixus
1658 2216 1704 2250 ita
1720 2216 1763 2251 de

957 2265 1127 2312 scriptoris
1143 2265 1242 2310 hujus
1259 2264 1344 2313 stylo
1361 2264 1508 2299 arbitror
1518 2263 1530 2298 ?
1540 2266 1680 2300 Poterat
1690 2277 1763 2300 cer-

957 2325 992 2350 te
1006 2314 1041 2356 id
1065 2313 1171 2350 solum
1187 2313 1373 2348 satisfacere
1395 2335 1405 2352 ‚
1429 2326 1535 2361 quum
1555 2313 1674 2348 similia
1690 2313 1763 2361 spe-

956 2363 1082 2399 cimina
1101 2361 1300 2398 immensum
1318 2362 1366 2397 illi
1388 2362 1493 2397 robur
1508 2362 1643 2397 addant.
1695 2362 1763 2398 Sed

955 2412 1077 2447 veritas
1092 2424 1135 2447 ex
1153 2422 1259 2460 puteo
1282 2411 1511 2459 protrahenda
1527 2411 1586 2446 est.
1620 2411 1718 2454 Quid
1734 2412 1764 2445 i-

954 2462 1049 2511 gitur
1065 2460 1178 2497 volo?
1211 2462 1355 2507 Nempe
1381 2461 1474 2494 hunc
1498 2460 1614 2494 locum
1640 2460 1763 2495 citavit

954 2510 1056 2546 etiam
1083 2509 1200 2545 Suidas
1225 2510 1260 2544 in
1279 2522 1311 2543 v.
1339 2507 1490 2555 τρώμαζὶ
1505 2534 1517 2552 ,
1542 2508 1644 2556 idque
1666 2507 1765 2543 scivit

956 2559 1141 2601 Kusterus3
1167 2558 1221 2593 sed
1241 2558 1389 2593 multum
1408 2557 1518 2602 abest,
1534 2567 1573 2592 ut
1590 2556 1706 2605 pasfim
1721 2558 1762 2592 il-

956 2609 987 2644 le
1003 2608 1107 2653 solet,
1132 2607 1173 2643 ab
1190 2609 1351 2643 veritate:
1379 2619 1421 2641 ne
1438 2607 1576 2655 quidem
1594 2618 1636 2641 ex
1654 2606 1762 2642 MSS.

955 2657 1192 2693 Parisiensibus
1217 2656 1402 2705 quidquam
1429 2656 1549 2691 adfert.
1589 2655 1680 2690 Scias
1696 2656 1763 2704 igi-

956 2716 1013 2742 tur
1038 2715 1178 2753 oportet
1202 2707 1237 2741 in
1263 2706 1373 2741 Msto
1390 2703 1615 2754 Lugdunenfi
1641 2703 1763 2752 absque

955 2755 1024 2791 ulla
1036 2756 1136 2790 litura
1151 2753 1225 2790 istic·
1239 2754 1395 2790 exhiberi
1410 2758 1452 2790 E'v
1468 2765 1539 2790 τοῖσι
1554 2751 1696 2800 τρώμαζὶ
1704 2769 1764 2798 με·

958 2803 1053 2851 γαίλοι
1070 2803 1206 2845 διφάσια
1224 2807 1371 2842 Μιλησίων
1387 2805 1493 2849 {strela
1512 2808 1602 2848 (non
1619 2803 1762 2849 ἐγένονῖο)

958 2856 1018 2890 {vva
1038 2859 1069 2889 ὸν
1087 2857 1245 2899 Λιμενηΐῳ.
1287 2852 1395 2898 Quod
1408 2855 1479 2901 jam
1502 2851 1675 2887 castellum
1699 2864 1762 2900 po-

956 2903 1022 2939 test
1038 2903 1200 2938 munitius
1219 2901 1346 2937 exstrui
1363 2926 1374 2945 ‚
1401 2914 1502 2950 quarn
1526 2900 1575 2936 est
1599 2901 1657 2936 hic
1677 2913 1761 2935 con-

104 2956 157 2982 tus
172 2973 184 2991 ,
215 2948 250 2983 id
272 2948 320 2984 est
336 2974 348 2994 9
381 2949 595 2985 manifestum
627 2951 792 2986 indicium
817 2966 904 3001 prae-
956 2951 1085 2987 sensus?
1112 2953 1165 2987 Ita
1182 2964 1266 3000 ergo
1284 2949 1381 2985 habe.
1416 2950 1593 2986 Caeterum
1610 2949 1702 2997 quod
1719 2948 1760 2983 ad

105 2994 232 3032 stantiae
249 2997 377 3034 codicis
395 2997 545 3033 Medicei
571 2999 667 3048 super
683 3013 801 3035 omncs
824 3003 904 3037 alios
957 3001 1087 3036 bonum
1097 3000 1234 3036 Suidam
1253 3000 1395 3045 attinet,
1406 3009 1546 3048 oportet
1561 2999 1652 3033 noss'e
1668 2998 1760 3032 hunc

104 3043 140 3078 in
148 3044 321 3081 Herodoti
331 3047 460 3083 deliciis
475 3061 547 3083 non
558 3047 812 3097 supprimendis.
832 3052 903 3086 Ha-

104 3091 163 3127 bet
186 3094 276 3129 enim
298 3096 365 3132 ἕντε
392 3100 580 3145 ὀνλιμενηΐω.
631 3098 672 3133 Id
695 3098 788 3147 quod
812 3109 905 3136 certe

948 3050 1065 3098 *ipsum
1076 3050 1191 3085 locum
1209 3051 1276 3095 iam
1290 3059 1388 3084 antea
1411 3050 1452 3085 ab
1468 3062 1509 3084 eo
1527 3048 1620 3083 fuiffe
1630 3045 1761 3080 adhibi-

959 3109 1032 3135 tum
1042 3100 1076 3134 in
1086 3111 1172 3136 voce
1184 3094 1352 3145 r'v‘yffiubi
1364 3095 1762 3177 hanc1·estitutionem‹{x

1697 3146 1725 3177 11¹
1740 3155 1761 3175 o
