2182 3611
693 204 1640 256 DEDICATIO.

283 316 408 364 dere.
482 313 570 362 Sed
606 331 690 362 nec
735 313 865 362 labor
899 315 945 360 in
992 313 1258 379 primariam
1307 315 1486 382 antiqui
1533 316 1756 382 temporis
1803 311 2045 362 historiam

285 385 435 431 editus
462 384 542 430 tali
576 385 716 447 genio
746 382 915 430 fruitur
941 416 953 438 ‚
989 396 1179 448 propter
1213 398 1352 447 quem
1388 385 1435 429 in
1471 379 1717 430 discrimen
1753 382 1941 451 aliquod
1969 398 2043 429 me

286 453 457 517 conjici
479 449 674 517 suspicer
700 474 710 507 3
752 466 850 498 tum
885 450 1015 498 causa
1049 448 1255 498 universa
1288 450 1405 498 adeo
1429 448 1665 515 singularis
1689 448 1752 499 est
1769 487 1780 509 ,
1819 467 1871 499 ut
1897 449 2043 498 fimile

286 537 490 586 unquam
512 516 756 573 occurrisse
782 535 867 566 nec
892 520 1181 566 meminerim
1209 535 1292 565 nee
1315 518 1517 566 credam.
1558 519 1696 566 Unde
1720 517 1834 567 sicut
1860 517 1952 585 ipsa
1973 535 2043 565 res

288 595 333 636 &
359 591 549 637 materia
574 588 743 635 elamat
766 586 808 634 se
832 585 1022 634 aversari
1047 593 1091 633 ὃς
1115 584 1258 634 odisse
1274 588 1426 652 ,quod
1452 604 1543 633 non
1564 585 1628 634 est
1650 586 2041 654 simplicissimum3

288 660 353 705 ita
375 675 465 721 ego
489 655 669 703 censere
693 671 839 721 cogor
860 655 1024 702 melius
1061 653 1150 702 esse
1187 652 1304 701 nihil
1342 652 1640 702 artificiosum
1677 653 1770 704 hue
1799 653 2046 714 arcessere,

290 744 376 776 nec
397 724 671 772 felicitatem
694 721 932 790 applausus
955 720 1115 774 Vestri
1141 722 1233 770 ulla
1256 738 1354 770 arte
1377 726 1725 771 circumvenire.

360 790 604 859 Agebatur
628 795 751 839 enim
778 794 1014 858 praeterito
1038 784 1203 839 saeculo
1230 808 1371 838 annus
1398 807 1496 838 an
1513 827 1526 847 ,
1565 810 1709 858 quum
1735 789 1885 839 mense
1910 792 2045 856 Majo

291 860 426 909 ludus
450 859 585 926 hujus
611 863 810 908 civitatis
835 860 1062 908 literarius
1088 877 1216 906 more
1244 856 1510 907 funestissimo
1531 858 1859 926 inspiceretur,
1877 875 1928 907 ut
1943 857 2046 926 post

290 930 553 997 exploratos
566 928 961 996 frequentantium
975 925 1214 985 successus,
1229 925 1436 994 auspiciis
1455 927 1754 975 Decessorum
1768 926 2045 977 Vestrorum

290 1001 337 1045 in
362 1002 587 1065 Supremo
615 994 887 1063 Magistratu
913 1033 926 1054 ,
964 995 1021 1044 ab
1046 998 1136 1044 1111
1166 998 1292 1046 Viris
1319 995 1500 1044 Scholae
1527 995 1848 1062 Lugdunensis
1875 993 2047 1044 consti-

287 1068 472 1114 tuendae
497 1102 509 1124 ,
548 1082 745 1135 quorum
786 1081 895 1112 tun-c
932 1081 1061 1113 erant
1098 1063 1337 1132 praes'entes
1375 1062 1632 1131 superstites
1665 1057 2044 1121 Willi.-Paedt⁷z,

288 1132 401 1202 Joh.
430 1137 690 1200 Coccejus,
729 1138 830 1200 Jac.
858 1136 1049 1190 Golius,
1087 1134 1356 1198 donandus,
1394 1136 1655 1198 acceperim
1679 1151 1733 1180 ex
1760 1150 1896 1180 manu
1920 1135 2045 1180 Cor-

292 1203 401 1251 nelii
417 1202 694 1259 Schrevelii,
711 1205 922 1250 Rectoris
948 1201 1162 1268 equidem
1186 1201 1422 1268 prudentis
1438 1209 1480 1248 δε
1499 1205 1590 1249 nati
1615 1202 1670 1248 ad
1697 1217 1852 1249 tenera
1875 1199 1953 1247 illa
1973 1202 2045 1246 in·-

289 1274 424 1336 genia
439 1272 635 1319 colenda
658 1268 1306 1338 continendaque,exemplar
1330 1267 1622 1318 historiarum
1647 1268 1782 1336 hujus
1807 1268 2044 1316 Herodoti

291 1359 346 1386 ex
383 1339 589 1387 editione
615 1337 839 1387 Gothofr.
865 1341 1215 1404 Jungermanni.
1283 1338 1464 1386 Verum
1499 1337 1660 1384 dixero
1683 1374 1695 1395 ,
1749 1336 1778 1385 si
1817 1333 2045 1384 confitear

288 1407 419 1455 fuisse
444 1408 489 1455 id
515 1407 653 1456 fatale
677 1408 927 1455 rudimenti
952 1424 1031 1472 per
1054 1404 1410 1454 adolescentiam
1436 1406 1548 1452 editi
1575 1412 1619 1453 δε
1645 1422 1857 1472 optatum
1882 1405 2042 1460 decus,

289 1475 362 1523 sed
378 1483 421 1523 δε
438 1475 693 1525 studiorum
716 1477 856 1523 totius
879 1473 1035 1540 postea
1058 1477 1161 1523 vitae
1187 1476 1506 1541 adjumentum
1532 1474 1777 1541 praedulce.
1818 1476 1893 1520 Sic
1916 1474 2043 1520 enim

290 1543 505 1611 possessor
542 1543 687 1592 factus
735 1546 890 1609 magni
927 1543 1174 1591 voluminis
1200 1579 1212 1601 ,
1261 1561 1355 1591 non
1391 1542 1551 1591 oculos
1588 1558 1767 1590 tantum
1805 1543 1907 1607 pavi
1947 1540 2044 1606 pla-

289 1615 385 1659 cito
409 1611 734 1659 lemniscorum
761 1613 808 1659 &
833 1612 1051 1676 fulgentis
1086 1614 1132 1657 in
1166 1610 1433 1659 membrana
1467 1614 1561 1659 auri
1588 1613 1737 1657 nitore
1763 1633 1773 1667 3
1814 1609 1887 1657 sed
1914 1607 2044 1676 quod.

288 1677 580 1726 hortantibus
627 1677 836 1724 laborum
881 1677 1100 1742 gradibus
1141 1677 1385 1742 postpaulo
1418 1684 1462 1723 &
1498 1691 1627 1742 patre
1667 1693 1742 1722 me
1785 1678 1842 1723 ad
1872 1674 2044 1740 Justini

290 1745 499 1794 historias
534 1761 742 1810 vertente
777 1743 1004 1810 cogebar,
1043 1757 1123 1811 per
1158 1748 1279 1792 varia
1314 1760 1551 1790 momenta
1583 1742 1867 1791 advocabam
1894 1745 2046 1790 Hero-

289 1815 472 1862 dotum.
546 1811 875 1869 Advocabam,
913 1812 1047 1870 dico,
1085 1811 1160 1859 sed
1195 1828 1247 1859 ut
1280 1815 1327 1859 in
1359 1809 1575 1858 universis
1600 1809 1935 1859 narrationibus
1961 1810 2046 1858 ali-

290 1899 428 1949 quam
462 1878 609 1948 opem'
636 1878 945 1945 adsequebar,
984 1883 1048 1927 ita
1081 1877 1278 1947 persaepe
1313 1879 1489 1946 oppido
1526 1881 1739 1944 exiguam
1777 1896 1940 1946 capere
1969 1896 2042 1926 me

290 1949 398 1998 sensi
415 1987 425 2007 ‚
440 1967 583 2016 quum
609 1967 692 1997 nec
705 1947 856 1998 Vallae
880 1945 1134 1995 versionem
1157 1965 1262 1994 cum
1277 1950 1450 1994 Graecis
1471 1945 1681 1994 conferre
1707 1945 1881 2014 possem
1903 1963 2045 2014 utpo-

293 2014 336 2067 te
362 2021 496 2066 nimis
522 2018 627 2065 inde
651 2014 892 2082 digressam
908 2052 919 2073 ‚
945 2022 989 2062 δε
1015 2019 1177 2063 Graeca
1199 2018 1466 2062 continuam
1493 2031 1703 2081 parerent
1726 2014 1971 2071 offensam,
1988 2029 2042 2062 ut

292 2091 356 2134 ita
388 2086 513 2153 quod
549 2084 748 2133 historiae
788 2084 818 2131 li
858 2083 1017 2131 uidum
1053 2082 1340 2151 quaerebam,
1380 2081 1480 2130 satis
1518 2098 1644 2130 certe
1680 2102 1775 2130 non
1811 2080 2043 2131 nancisce-

294 2172 381 2203 rer.
454 2157 560 2201 Hoc
594 2152 740 2220 ipsum
775 2103 976 2200 duciiitari
1011 2169 1103 2199 non
1140 2150 1306 2207 debet,
1331 2154 1442 2218 quin
1468 2149 1723 2198 obtinuerit
1748 2168 1827 2216 per
1851 2167 2041 2198 omnem

295 2225 450 2288 primae
471 2221 759 2269 Academieae
786 2238 895 2268 meae
918 2223 1020 2266 vitae
1045 2234 1225 2268 aetatem
1242 2255 1254 2277 ‚
1278 2234 1414 2286 atque
1439 2219 1546 2265 ideo
1572 2217 1686 2264 nihil
1710 2217 1791 2277 nisi
1815 2216 2041 2265 reservare

294 2289 591 2338 Herodotum
616 2306 788 2353 magnae
823 2287 1051 2337 occasioni
1076 2323 1088 2343 ,
1116 2285 1145 2335 s1
1177 2304 1267 2355 qua
1289 2302 1480 2335 ventura
1510 2283 1643 2343 esset,
1668 2284 1734 2333 fui
1759 2284 2042 2352 compulsus,

365 2362 485 2425 Qtae
513 2356 606 2424 ipsa
631 2375 773 2425 quum
799 2375 891 2404 non
915 2354 1061 2403 solum
1085 2359 1263 2403 venerit
1285 2391 1298 2412 ,
1336 2353 1409 2402 sed
1450 2369 1690 2420 tantopere
1726 2356 1865 2401 etiam
1889 2352 2038 2402 felicis

296 2425 521 2475 exstiterit
558 2425 736 2473 foeturae
764 2461 776 2482 ,
815 2440 865 2472 ut
889 2422 1158 2471 Herodotus
1196 2425 1470 2490 importunis
1496 2425 1724 2469 variorum
1763 2421 2038 2487 corruptelis

297 2492 605 2542 circumsessus
622 2529 633 2550 ,
667 2496 811 2540 immo
835 2495 880 2539 in
904 2494 967 2540 eis
993 2490 1258 2539 delitescere
1283 2489 1567 2557 compulsus,
1606 2488 1747 2537 modo
1772 2489 1959 2536 redierit
1982 2489 2041 2537 ad

295 2562 421 2610 suam
444 2563 684 2609 lenitatem
709 2597 721 2617 ‚
760 2578 897 2628 quam
922 2562 1094 2606 Graecae
1118 2576 1245 2607 aures
1272 2559 1383 2605 olim
1421 2572 1661 2624 tantopere
1685 2560 1733 2605 in
1756 2575 1812 2605 eo
1838 2574 2043 2622 agnove-

264 2624 271 2631 ’
298 2645 430 2687 runt;
469 2630 709 2695 quomodo
734 2627 964 2696 proferam
989 2631 1239 2676 concinnos
1266 2624 1440 2692 plausus
1467 2632 1511 2672 δε
1536 2628 1734 2692 impetus
1767 2625 2038 2691 multiplicis

298 2697 645 2764 gratulationis,
683 2714 821 2763 quam
844 2694 1021 2745 Vestrae
1059 2693 1182 2743 istius
1208 2693 1519 2742 Liberalitatis
1546 2696 1663 2741 ratio
1695 2693 1751 2741 ab
1786 2692 2040 2757 majoribus

298 2781 564 2833 comparata
587 2780 788 2812 meretur
814 2775 827 2812 ἓ
868 2767 1050 2811 Etenim
1074 2762 1278 2810 obtinuit
1303 2763 1381 2809 illa
1405 2768 1448 2809 ὃ(
1476 2777 1611 2819 tunc,
1649 2768 1694 2809 Sc
1717 2758 1893 2826 semper
1916 2758 2042 2807 obti-

298 2850 378 2882 net
402 2869 414 2890 ‚
452 2833 579 2901 quod
603 2832 748 2881 solum
773 2839 816 2880 δε
841 2848 982 2881 unum
1006 2830 1129 2899 quasi
1153 2831 1334 2878 videtur
1359 2830 1556 2897 spectare
1582 2865 1595 2887 ,
1633 2846 1798 2895 nempe
1823 2843 1874 2875 ut
1898 2827 2045 2876 dona..

300 2906 368 2950 tio
392 2899 509 2954 bene
536 2904 722 2949 meritos
745 2918 969 2948 coronans
992 2915 1175 2946 moveat
1200 2901 1408 2946 omnium
1432 2896 1579 2945 studia
1600 2904 1644 2945 δε
1661 2896 1903 2944 aemulandi
1926 2898 2044 2943 acri-

301 2973 519 3019 moniam.
584 2975 650 3016 At
674 2967 755 3017 ista
779 2967 872 3035 ipsa
896 2984 1060 3035 praeter
1082 2965 1207 3014 hunc
1232 2965 1421 3034 scopum
1445 2967 1677 3032 prominet
1699 2961 1973 3011 mirabiliter
1994 2966 2043 3011 in

299 3039 533 3096 futurum,
571 3043 616 3084 ὃς
642 3055 861 3105 peragens
885 3036 1246 3083 extraordinaria
1267 3034 1476 3102 quaedam
1502 3070 1515 3090 ‚
1551 3035 1841 3097 inopinanter
1863 3033 2045 3098 experi-

300 3124 374 3155 tur
396 3124 452 3154 ex
475 3106 519 3155 se
539 3103 720 3172 surgere
744 3108 793 3153 in
826 3103 1063 3172 publicum
1087 3121 1275 3170 quoque
1300 3138 1314 3161 ‚
1353 3120 1445 3149 non
1470 3101 1614 3149 modo
1637 3103 1684 3148 in
1707 3102 1936 3166 privatum
1959 3097 2048 3147 bo..

1905 3184 2044 3225 num,
