2112 3621
392 258 885 303 PROOEM.1N
943 259 1528 305 HERODOTUM,
1706 270 1781 316 715

114 331 194 379 μοίῖοι
213 327 363 374 ἐγεγόνεε.
414 328 541 374 Neque
558 327 760 374 Xenophon
777 325 1032 374 sapientissimus
1045 329 1098 362 vir
1115 330 1285 366 dubitavit
1302 331 1455 367 similiter
1471 330 1545 378 post
1559 329 1711 365 amissum
1734 343 1787 365 re‘

114 390 223 427 gnum
238 377 497 424 prudentiorem
513 375 671 409 Croesum
692 375 893 422 producere.
943 375 998 409 Ad
1016 376 1093 410 alias
1114 382 1425 425 argumentationes
1443 381 1530 414 illius
1549 380 1592 414 de
1610 379 1785 427 Ephesiis,

116 426 348 473 Colophoniis
361 451 373 469 ,
401 424 522 458 Chiis:
550 423 608 458 ubi
625 436 725 471 quam
740 425 805 459 levi
824 425 1079 458 utituiuratione
1092 449 1103 469 ‚
1129 428 1221 473 quod
1240 428 1488 475 Lampsacenus
1506 429 1645 463 Charon
1660 454 1671 472 ,
1697 430 1784 463 :inti-

114 477 215 523 quior
236 475 293 508 ille
309 472 447 521 quidem
469 473 681 515 Herodoto,
708 473 863 520 quaedam
884 485 954 507 non
977 471 1154 520 scripserit.
1205 476 1311 520 Qrasi
1332 478 1417 512 nihil
1438 479 1630 523 oportuerit
1653 489 1785 511 narrare

115 522 337 560 Herodotum
354 547 365 566 ‚
393 520 453 556 nisi
471 521 563 568 quod
584 522 618 555 in
635 522 761 556 litteras
773 523 843 569 jam
861 521 942 556 esset
961 521 1116 556 relatum.
1166 523 1273 568 Oxnod
1296 525 1390 559 dic‘tu
1411 526 1457 559 est
1479 538 1641 572 perquam
1658 526 1785 560 ridicu*

116 573 187 608 lum
205 585 213 607 :
241 572 429 619 praesertim
447 583 553 617 quum
574 569 643 618 ipse
664 570 865 616 profiteatur
879 595 889 613 ‚
919 582 1038 604 eorum
1055 583 1131 618 quae
1148 573 1202 606 alii
1223 585 1293 606 non
1312 574 1635 621 comprehenderint
1651 598 1662 614 .,
1690 586 1785 608 men-

115 623 246 656 tionem
263 620 373 655 facere
392 619 584 654 decrevisse.
635 619 701 653 Sed
721 632 800 653 curn
822 620 865 653 de
880 619 944 653 illis
957 643 969 662 ‚
995 629 1070 654 turn
1085 620 1126 653 de
1142 621 1261 655 Samiis
1275 646 1287 664 ‚
1314 622 1532 665 Corinthiis,
1561 622 1785 656 Lacedaemon

115 671 180 705 niis
193 698 200 705 .
225 670 268 704 de
288 668 420 716 Isagora
435 692 446 712 ‚
474 668 735 716 Aristogitone,
762 667 1028 702 Atheniensibus
1042 694 1053 713 ‚
1082 669 1321 704 Plataeenfibus
1340 696 1351 714 ‚
1377 682 1455 716 quae
1477 670 1624 717 disputat
1642 696 1652 713 ,
1680 672 1786 716 patia-

117 731 195 754 mur
218 718 292 753 sane
313 719 408 752 illum
431 717 579 751 vincere.
630 716 719 756 Quis
740 718 831 751 enim
846 742 857 760 ‚
885 719 942 763 qui
965 716 1138 752 advertere
1159 720 1310 753 animum
1331 719 1470 766 paulum
1493 718 1597 752 modo
1618 719 1787 762 voluerit,

118 780 188 812 non
206 766 438 816 perspecturus
455 765 553 799 facile
568 764 616 799 est
631 764 784 800 vi&oriae
804 766 896 800 istius
910 765 1110 813 praeclarum
1128 766 1333 802 successum?
1746 770 1756 779 ⁸

168 817 284 851 Venio
298 816 405 863 igitur
420 814 462 848 ad
476 814 608 861 plenam
624 815 737 849 lunam
754 828 761 850 ε
789 815 831 849 de
846 828 911 862 qua
924 816 1073 862 ingenue
1089 815 1197 851 fateor
1215 828 1284 850 non
1304 816 1495 864 intelligere
1510 828 1564 850 me
1578 826 1654 862 quse
1671 813 1688 851 a
1705 814 1786 851 Plu-⁵

117 866 241 900 tarcho
261 863 486 911 disputantur.
534 863 709 898 Herodoti
728 863 991 899 luculentissima
1011 866 1156 899 narratio
1170 890 1182 909 ,
1208 877 1314 912 quum
1335 867 1464 900 nemini
1488 877 1556 899 non
1579 865 1618 899 sit
1638 866 1787 899 evidens,

117 914 219 950 Dicit
232 915 323 948 enirn
339 914 480 957 (Erato,
499 924 525 945 c.
549 917 622 946 106.
640 914 678 948 εἴ
695 915 791 952 120.)
822 913 938 960 negaſjb
956 915 1312 959 Lacedaemonzos‚poffi·
1329 926 1436 947 contra
1455 917 1552 961 legem
1571 926 1643 947 ante
1658 916 1785 959 plenam

120 965 230 997 lunam
250 964 282 995 in
301 960 531 1007 expedttionem
549 961 614 1006 seft
635 963 787 1007 profictsci
804 987 815 1006 ‚
843 965 880 998 (9⁶
899 964 1068 1007 remanfiffe
1086 967 1119 995 in
1141 967 1249 1009 patrm
1267 967 1345 995 dum
1372 966 1447 996 lunae
1464 963 1546 996 orbts
1563 965 1787 1008 compleretur:

119 1024 161 1046 ac
173 1010 275 1058 postea
287 1011 458 1056 profestos,
484 1021 531 1042 tta
548 1011 730 1055 accelerasti·
748 1023 783 1045 ut
801 1015 894 1044 tertio
911 1013 963 1044 die
980 1015 1012 1043 in
1031 1015 1179 1045 Atticam
1192 1012 1408 1046 Lacedaemone
1423 1015 1636 1058 pervenirem.
1672 1012 1781 1046 Haec-

121 1061 198 1096 cine
212 1060 359 1095 narratio
372 1059 463 1094 illam
487 1058 682 1094 merebatur
700 1062 863 1109 tragicam
884 1060 1165 1096 acclamationem
1185 1085 1196 1104 ,
1224 1062 1316 1095 hunc
1332 1072 1487 1096 autorem
1506 1062 1635 1095 coelum
1657 1060 1762 1108 ipsum
1775 1086 1786 1104 ,

122 1110 256 1144 dierum
277 1109 443 1143 rationem
464 1133 474 1152 ‚
500 1119 619 1142 omnes
640 1121 689 1144 res
709 1109 946 1143 confundere?
975 1109 1070 1144 Nam
1087 1110 1129 1144 de
1145 1110 1221 1157 lege
1237 1135 1249 1153 ,
1275 1110 1385 1156 deque
1402 1111 1515 1156 proelii
1538 1110 1592 1144 die
1611 1136 1621 1149 ,
1649 1110 1702 1144 sua
1718 1108 1787 1143 fide

121 1158 311 1193 affirmante
325 1166 491 1203 utroque,
517 1157 614 1191 venia
641 1164 696 1201 (ut
712 1159 853 1205 opinor)
881 1158 1016 1192 dabitur
1030 1159 1060 1192 ei
1077 1160 1133 1206 qui
1153 1159 1256 1192 fidem
1276 1160 1449 1193 Herodoti
1464 1160 1568 1205 pluris
1586 1158 1645 1193 sibi
1664 1159 1790 1193 facien-

122 1207 201 1242 dam
215 1218 315 1255 quam
332 1205 506 1240 Plutarchi
525 1230 537 1249 ,
564 1204 714 1241 &illum
736 1208 849 1254 potius
872 1219 973 1255 quam
997 1208 1089 1241 hunc
1113 1207 1173 1242 sibi
1193 1207 1256 1241 esse
1278 1207 1483 1254 sequendum
1501 1209 1682 1254 putaverit.
1732 1208 1789 1242 De

124 1254 322 1303 Philippide
335 1255 436 1288 etiam
454 1252 596 1288 obscura
611 1253 659 1289 est
674 1254 864 1290 inseetatio:
893 1255 927 1290 ἃ
942 1266 1013 1291 erat
1030 1256 1087 1290 hic
1101 1257 1198 1290 locus
1212 1257 1246 1290 in
1263 1257 1378 1290 nostro
1392 1257 1481 1290 libro
1498 1257 1706 1303 corruptior.

172 1304 323 1350 Reliqua
335 1303 409 1337 sunt
425 1302 602 1337 calumniis
616 1304 798 1339 manifestis
814 1304 938 1340 referta
953 1331 965 1348 ‚
992 1305 1027 1339 &
1043 1305 1170 1352 ubique
1188 1304 1363 1352 conspersa
1381 1306 1482 1351 nigro
1496 1305 1557 1339 sale
1573 1330 1584 1349 ,
1611 1305 1645 1338 δε
1665 1305 1791 1340 atroci-—

123 1353 184 1388 bus
203 1352 340 1400 quidem
362 1350 427 1385 illis
443 1350 497 1385 sed
518 1351 662 1387 infirmis
681 1353 881 1389 criminibus
901 1353 1035 1389 referta.
1075 1356 1160 1389 Sane
1180 1354 1367 1389 Thebanos
1381 1379 1392 1397 ‚
1419 1366 1456 1388 ut
1480 1355 1658 1388 civitatem
1677 1353 1765 1388 suam
1779 1379 1790 1396 a

123 1409 267 1447 (notum
282 1401 393 1444 enim,
419 1398 515 1434 fuisse
529 1400 621 1437 hunc
636 1402 902 1437 Chaeronensem
920 1403 1106 1443 Boeotum)
1133 1402 1300 1450 exquisita
1314 1403 1348 1436 ἃ
1363 1414 1580 1450 peraceurata
1595 1403 1792 1437 desensione

121 1450 373 1499 propugnavit,
384 1449 419 1483 δί
436 1449 470 1482 in
483 1449 547 1484 hac
567 1461 660 1498 parte
675 1451 862 1486 admodum
879 1453 1015 1486 vexavit
1031 1462 1186 1486 autorem
1203 1451 1367 1486 nostrum.
1395 1451 1436 1485 In
1451 1462 1519 1497 quo
1534 1452 1672 1498 quidem
1692 1453 1793 1499 igne-

123 1499 285 1535 scendum
302 1499 349 1533 est
367 1497 478 1532 dolori
494 1498 616 1545 ipsius,
642 1499 696 1534 sed
711 1500 987 1547 reprehendenda
1001 1500 1157 1547 professo
1179 1500 1391 1546 impatientia
1408 1500 1442 1533 a&
1458 1502 1515 1534 ira.
1565 1500 1681 1545 Quini
1700 1502 1792 1534 enim

123 1548 267 1584 moleste
282 1547 349 1582 fert
365 1546 399 1580 8<
414 1546 553 1592 indigne
567 1547 660 1582 laesos
674 1551 827 1582 oratione
847 1548 887 1583 ab
902 1548 1088 1582 Herodoto
1108 1547 1209 1582 suos?
1237 1549 1320 1582 Hoc
1346 1549 1453 1595 igitur
1480 1553 1536 1591 (ut
1558 1549 1717 1596 apparet)
1743 1548 1795 1582 ul-

126 1609 185 1632 cus
208 1597 304 1644 tangi
325 1596 437 1629 noluit
455 1619 466 1637 ‚
494 1606 604 1641 neque
623 1598 738 1643 potuit
755 1596 853 1630 ferre.
903 1596 970 1630 Sed
985 1596 1152 1631 mendacii
1170 1597 1312 1631 crimine
1326 1596 1547 1631 Herodotum
1576 1604 1632 1637 (ut
1649 1598 1793 1645 opinor)

126 1645 227 1680 facile
243 1646 362 1679 liberat
380 1655 449 1678 non
465 1644 571 1677 modo
589 1643 678 1678 fama
693 1645 756 1679 illis
771 1645 983 1692 temporibus
999 1646 1101 1692 longe
1115 1645 1247 1692 lateque
1261 1657 1397 1693 vagata,
1410 1644 1464 1679 sed
1481 1644 1675 1681 conservata
1689 1649 1792 1682 etiam

126 1694 168 1729 ad
185 1693 420 1742 posteritatem
435 1716 446 1735 3
473 1692 678 1739 proditionis
689 1693 938 1728 Thebanorum
956 1707 963 1728 :
991 1693 1032 1728 de
1049 1706 1114 1741 qua
1130 1693 1165 1727 &
1180 1694 1431 1729 Demosthenes
1456 1699 1467 1735 (
1480 1692 1651 1740 l’ht'lippma
1666 1697 1716 1736 ε..)
1743 1707 1794 1729 ar-

109 1746 335 1790 'gumentum
354 1741 454 1775 duxit
473 1742 619 1777 levitatis
643 1741 678 1776 ὃς
698 1742 906 1777 infidelitatis
928 1742 1016 1777 illius
1036 1743 1205 1777 civitatis:
1235 1742 1269 1775 δε
1287 1742 1371 1778 illud
1393 1743 1429 1777 in
1449 1741 1658 1779 sermonibus
1680 1744 1793 1779 horni-

130 1804 214 1828 num
234 1791 365 1838 semper
380 1788 563 1837 permansit
576 1816 588 1835 ,
614 1790 781 1826 decimam
798 1793 816 1825 zi
829 1791 1006 1826 Thebanis
1021 1791 1176 1839 Apollini
1193 1790 1337 1838 persolvi
1352 1801 1523 1840 oportere.
1576 1793 1685 1839 Cujus
1699 1803 1794 1828 men-

129 1843 262 1877 tionem
284 1839 302 1874 ἐ.
318 1839 557 1886 Xenophonte
576 1839 696 1875 scimus
710 1840 809 1875 semel
824 1851 926 1888 atque
944 1841 1067 1875 iterum
1086 1839 1160 1874 fieri
1187 1841 1295 1884 (Hell.
1309 1842 1358 1884 5.)
1386 1839 1507 1886 Qum
1527 1843 1617 1877 enim
1630 1838 1796 1877 'commu-

130 1892 166 1926 ni
182 1891 322 1925 decreto
339 1888 522 1924 statuissent
533 1888 683 1924 Graeciae
702 1890 876 1934 civitates,
903 1901 979 1936 quae
992 1888 1167 1924 adversum
1181 1888 1340 1923 barbaros
1353 1889 1604 1936 consenserant,
1630 1892 1671 1926 ab
1687 1893 1724 1926 iis
1738 1894 1797 1940 qui

129 1940 222 1975 nulla
241 1937 433 1974 necessitate
453 1936 564 1972 canii
587 1939 696 1973 Persae
717 1937 748 1972 se
769 1937 979 1984 subjecissent
992 1963 1003 1982 ,
1031 1938 1209 1985 Delphico
1231 1938 1385 1986 Apollini
1404 1939 1497 1974 bello
1523 1940 1684 1975 conse&o
1703 1940 1797 1976 deci-

130 2001 223 2024 mam
240 1988 333 2035 exigi
347 1986 470 2022 debere
483 2011 495 2030 ‚
521 1986 682 2022 Thebani
696 1986 834 2034 quidem
850 1987 1005 2034 potentia
1023 1986 1078 2021 sua
1094 1987 1244 2021 restitere
1260 1988 1417 2022 decreto:
1444 1987 1497 2024 sed
1515 1990 1605 2036 quod
1626 1990 1685 2025 illo
1701 1999 1797 2025 tene-

129 2048 267 2082 rentur,
294 2041 383 2072 sama
396 2037 627 2084 memoriaque
643 2037 825 2071 hominum
839 2035 1103 2071 constantissime
1116 2035 1320 2083 perduravit.
1348 2038 1544 2082 (Decretum
1554 2040 1689 2084 foederis
1705 2049 1798 2073 extat

131 2090 165 2121 in
183 2090 367 2133 Polymma,
386 2096 412 2117 c.
430 2089 528 2129 132.)

176 2137 347 2171 Praeterea
360 2134 514 2181 quamvis
534 2134 736 2170 malitiosum
754 2135 789 2170 &
803 2146 943 2183 pravum
959 2131 1163 2170 Plutarchus
1178 2132 1279 2181 faciat
1293 2132 1515 2172 Herodotum
1532 2163 1544 2183 9
1571 2151 1640 2174 non
1658 2138 1799 2174 stultum

130 2196 246 2222 tamen
261 2184 355 2220 fuisse
372 2193 481 2229 neque
496 2183 655 2219 hebetem
671 2183 869 2219 confitetur.
919 2184 1017 2228 Qiid
1031 2194 1142 2219 autem
1160 2185 1404 2232 incogitantius
1418 2185 1492 2221 fieri
1507 2188 1685 2234 potuisset,
1713 2189 1748 2224 ἃ
1766 2191 1800 2224 in

128 2235 259 2271 summa
277 2232 416 2270 audacia
430 2234 597 2267 amentius
615 2258 627 2277 ,
653 2245 752 2280 quam
767 2245 804 2267 ea
826 2232 990 2268 affirmare
1006 2243 1106 2280 atque
1125 2233 1255 2268 tradere
1271 2260 1283 2278 ,
1310 2246 1387 2281 quae
1400 2259 1411 2278 ,
1439 2234 1463 2269 si
1478 2235 1553 2272 falsa
1568 2238 1672 2272 essent
1689 2263 1700 2282 ‚
1728 2251 1799 2273 non

130 2284 238 2321 modo
253 2282 354 2333 paulo
370 2290 448 2316 ante
463 2280 702 2317 defuncstorum
720 2281 817 2317 dietis
831 2293 932 2330 atque
946 2282 1181 2326 relationibus,
1206 2281 1259 2316 sed
1276 2286 1474 2327 memoriae,
1500 2288 1658 2322 vivorum
1675 2299 1799 2335 propc-

131 2334 276 2369 modum
290 2359 303 2378 ‚
329 2331 527 2367 testimonio
544 2331 683 2366 refutari
696 2341 798 2378 atque
813 2330 972 2379 redargui
986 2330 1118 2378 possent
1134 2330 1148 2365 ?
1174 2331 1221 2366 Et
1237 2332 1293 2367 ille
1307 2344 1385 2367 cum
1401 2343 1469 2368 tam
1486 2334 1685 2384 impudente
1702 2349 1798 2371 men—

133 2383 252 2428 dacio,
279 2394 359 2418 cum
374 2390 443 2415 tam
460 2379 718 2415 inconsentanea
735 2379 969 2427 expositione,
995 2391 1074 2414 cum
1091 2381 1281 2416 narratione
1296 2391 1365 2416 tam
1383 2380 1577 2429 dissidente,
1604 2384 1638 2419 in
1652 2384 1802 2420 celeber-

136 2429 263 2468 rim‘um
282 2429 657 2478 frequentissimumque
679 2430 783 2463 totius
807 2429 957 2464 Graeciae
979 2439 1188 2464 conventum
1215 2430 1282 2474 (ita
1301 2433 1392 2466 enim
1415 2435 1611 2482 accepimus
1625 2442 1637 2475 )
1665 2436 1798 2478 venire,

136 2480 174 2515 &
192 2479 247 2515 illa
259 2480 430 2516 vanissima
444 2488 545 2526 atque
558 2477 718 2513 leviffima
732 2477 874 2526 scripta,
900 2478 998 2525 plena
1011 2478 1260 2514 malevolentia:
1276 2479 1312 2514 ὃς
1328 2480 1605 2526 obtrectationis,
1616 2483 1803 2517 reclaman-

135 2529 228 2566 tibus
246 2528 441 2563 divinorum
456 2527 491 2562 δε
509 2529 737 2564 humanorum
756 2537 1059 2562 monumentorum
1080 2528 1358 2576 inscriptionibus
1374 2556 1386 2575 ,
1413 2532 1556 2567 recitare
1576 2544 1645 2566 non
1668 2531 1804 2567 dubita—

136 2588 189 2615 ret
207 2577 221 2612 ?
248 2577 366 2612 Nimis
386 2578 541 2624 ineptum
560 2577 596 2612 ὃς
612 2577 773 2612 frivolum
794 2576 875 2611 sacis
891 2586 1045 2612 autorem
1063 2601 1075 2620 ,
1101 2589 1223 2613 contra
1244 2588 1336 2614 tuam
1352 2591 1490 2628 quoque
1504 2580 1803 2615 existimationem.

138 2628 230 2663 Non
245 2626 445 2661 audivissent
459 2637 498 2660 ac
512 2626 627 2672 potius
649 2625 856 2661 exibilassent
870 2649 882 2668 ‚
909 2624 961 2660 vel
977 2626 1061 2661 male
1078 2629 1180 2662 etiam
1194 2627 1379 2664 multatum
1395 2628 1454 2664 illo
1469 2639 1566 2664 tanto
1584 2630 1719 2664 theatro
1737 2631 1806 2677 eje-

136 2676 257 2712 cissent
280 2688 356 2710 eum
372 2699 384 2718 ,
411 2675 468 2722 qui
489 2675 588 2723 plane
608 2674 648 2710 ad
672 2674 880 2710 irridendum
901 2674 935 2708 ἃ.
958 2675 1164 2712 eludendum
1189 2677 1358 2713 auditores
1374 2701 1386 2722 ,
1413 2678 1540 2726 quique
1567 2679 1602 2712 in
1624 2673 1803 2713 communi

137 2725 290 2761 Graeciae
315 2724 509 2771 solennique
533 2733 629 2758 coetu
648 2724 689 2759 ad
715 2736 841 2759 nomen
862 2723 1028 2758 Graecum
1055 2725 1339 2771 proscindendum
1364 2728 1648 2774 lacerandumque
1670 2727 1806 2762 adesset.

136 2775 196 2810 De
218 2771 359 2809 consilio
381 2782 494 2808 autem
519 2772 554 2806 &
574 2771 665 2807 faeto
685 2773 853 2808 Leonida:
875 2773 1043 2807 retinendi
1066 2773 1255 2810 Thebanos
1276 2775 1337 2811 etsi
1360 2776 1467 2812 astute
1487 2776 1612 2811 disserit
1641 2780 1655 2817 (
1667 2778 1804 2823 Polymn.

136 2836 165 2858 c.
178 2835 220 2857 20
231 2833 263 2870 5.
274 2824 312 2859 ὠ·
324 2823 424 2862 220.)
451 2821 579 2856 nemini
594 2831 708 2857 tamen
720 2834 789 2858 non
804 2823 947 2870 plurima
966 2822 1002 2856 in
1022 2831 1174 2857 mentem
1190 2826 1307 2859 venire
1320 2827 1466 2861 arbitror
1480 2825 1601 2872 quibus
1618 2826 1685 2860 hoc
1700 2827 1805 2860 etiam

136 2872 217 2908 loco
232 2870 370 2907 defendi
390 2870 489 2918 possit
511 2871 668 2905 narratio.
717 2872 917 2906 Adduxerat
939 2872 1065 2906 invitos
1079 2896 1090 2916 ‚
1116 2870 1170 2906 sed
1191 2871 1236 2907 fic
1257 2883 1295 2907 ut
1319 2872 1338 2908 a
1358 2875 1498 2909 civitate
1520 2872 1691 2909 delefiios:
1718 2886 1803 2920 ergo

138 2932 209 2955 non
224 2920 330 2956 modo
349 2920 438 2956 illius
450 2945 462 2965 ‚
487 2918 541 2954 sed
556 2917 690 2954 suorum
706 2933 842 2968 quoque
862 2929 971 2955 metus
986 2919 1048 2955 hos
1064 2921 1248 2956 continuit.
1298 2922 1439 2962 Dimisit
1460 2923 1542 2958 alios
1553 2948 1567 2968 ,
1594 2935 1678 2970 qnos
1694 2925 1806 2958 minus

140 2969 262 3005 alacres
279 2970 315 3004 in
334 2979 454 3017 aperto
474 2967 537 3003 esse
553 2966 744 3004 discrimine
759 2968 906 3004 videbat.
935 2969 998 3004 illis
1015 2970 1106 3004 enim
1127 2970 1334 3015 parcendum
1351 2971 1559 3007 decreverat.
1611 2970 1805 3015 Quomodo

141 3017 253 3053 voluit
264 3029 379 3053 autem
395 3018 450 3053 vel
462 3017 577 3066 potuit
591 3018 733 3052 omnino
748 3018 1013 3065 quadringentos
1035 3019 1180 3053 retinere
1193 3044 1204 3062 ,
1231 3031 1336 3065 quum
1353 3030 1525 3056 trecentos
1543 3019 1649 3055 solnm
1668 3020 1808 3056 haberet

142 3063 209 3110 ipse
229 3065 341 3101 secum
359 3066 372 3100 ?
398 3067 554 3101 Primum
579 3066 719 3101 voluisse
740 3067 931 3102 Leonidam
955 3066 1095 3112 perdere
1114 3066 1194 3102 istos
1215 3068 1404 3104 Thebanos
1425 3069 1557 3105 dixerat
1576 3084 1582 3104 :
1611 3081 1720 3116 neque
1740 3078 1810 3101 non

141 3111 254 3160 plures
268 3126 369 3162 quam
385 3116 530 3152 trecenti
547 3127 628 3151 cum
647 3115 706 3150 illo
723 3114 830 3151 fuere.
864 3115 958 3151 Nam
975 3125 1100 3162 praeter
1113 3115 1336 3164 Thespienses
1351 3144 1362 3162 ‚
1387 3117 1448 3153 etsi
1465 3130 1534 3154 non
1551 3118 1697 3160 dicitur,
1725 3128 1805 3151 curn

1278 3166 1404 3201 Xxxx
1433 3177 1451 3200 2.
1741 3174 1809 3200 tre-
