2112 3621
234 268 321 303 riam
345 265 434 300 hanc
467 263 579 310 tangit
605 258 704 296 Nob.
732 253 1033 293 Grentemesnilius
1055 253 1094 307 in

239 314 388 351 Graeciae
405 324 480 361 cap.
493 325 530 354 9,
547 309 604 345 ubi
621 307 739 343 locum
757 304 905 342 Diodori
922 300 1092 351 simplicis-

241 364 322 399 fime
338 361 503 409 scriptum
521 358 566 394 fic
583 367 741 405 torquet,
766 365 806 391 ut
823 353 910 390 nolit
928 351 1096 399 intellige-

242 425 288 448 re.
315 410 524 455 Quinimmo
539 409 641 443 etiam
659 406 818 452 deinceps
835 415 873 438 ea
893 405 1097 436 contentum

242 461 272 496 se
288 458 384 495 fuiss‘e
409 458 557 494 ostendit
574 456 763 504 Stephanus
781 452 936 488 Morinus
953 451 989 485 in
1005 457 1099 498 parte

241 508 386 545 secunda
411 507 711 544 Exercitationum
737 503 779 538 de
810 501 936 550 linguis
966 512 1038 547 cap.
1053 507 1097 552 ·4.

242 557 382 606 Quibus
401 559 527 600 merito
550 554 783 604 applaudimus
800 567 812 594 3
839 562 945 598 quum
961 549 1098 584 interim

243 607 389 644 existant
403 609 475 657 jam
492 605 528 641 ὃς
546 605 600 640 alii
616 602 767 639 acerbius
783 600 1000 648 inquirentes.
1075 645 1080 650 .

294 668 441 706 307,31.
469 655 539 701 015*
556 663 721 699 remugqrou
739 647 1001 694 wmapstv'lzc]
1031 645 1100 680 Ni-

244 708 310 744 mis
326 705 482 754 frequens
500 703 548 739 est
566 703 633 738 hoc
651 700 870 750 participium
886 698 921 732 in
937 694 1100 748 Herodo-

245 765 285 793 to
301 781 314 800 ,
340 767 442 803 quam
459 761 498 789 ut
517 752 680 800 scriptura
704 751 775 799 ejus
792 753 960 799 mereatur
982 745 1017 778 in
1036 755 1100 777 cri-

246 816 328 841 men
344 803 480 846 vocari3
498 800 587 838 unde
603 800 706 836 malui
723 797 921 846 simpliciter
936 803 1100 845 interpre-⁸

246 853 321 890 tari.
356 852 422 888 Sed
438 851 514 901 post
533 851 602 887 hoc
629 848 844 897 participium
860 843 1005 879 debebat
1021 853 1102 889 poni

246 901 439 946 distinctio,
465 914 542 949 quae
556 910 654 936 vetus
669 907 846 948 perperam
862 902 994 929 retenta
1010 890 1068 945 est.

300 950 422 1000 308,9.
440 949 559 993 Παφίη
569 949 669 996 alea]
690 945 820 984 Nescio
829 944 883 980 vel
900 941 981 990 quid
1000 944 1040 974 lit
1050 937 1104 973 vel

249 1001 341 1038 unde
359 1001 491 1036 venerit
498 1016 510 1042 3
538 1009 630 1034 certe
649 1009 718 1031 non
737 995 849 1043 placet
865 993 912 1026 ita
929 988 1104 1025 allusiones

249 1060 385 1099 captare
400 1074 413 1093 ,
446 1047 631 1096 praesertim
658 1057 764 1093 quum
790 1043 825 1078 ἃ
850 1040 1001 1088 optimus
1026 1037 1106 1073 MS.

249 1100 350 1149 plene
368 1099 493 1140 Πωφίνκ
511 1122 523 1140 ‚
549 1108 611 1131 nec
627 1095 724 1130 aliter
741 1094 777 1127 in
792 1090 941 1145 editipne
958 1086 1027 1137 ipsa
1042 1085 1106 1141 ‚Al‘

250 1148 286 1184 di
302 1148 339 1183 Sc
354 1146 531 1183 Bafileenfi
547 1145 656 1180 exstet
671 1169 683 1189 ,
708 1143 856 1178 servetur
880 1150 989 1175 immo
1003 1145 1106 1171 etiam

250 1198 363 1233 adhuc
389 1198 425 1232 in
450 1195 657 1244 Stephanina
686 1191 764 1228 anni
795 1200 910 1234 1592,
934 1195 974 1223 ut
997 1184 1105 1240 solum

248 1247 546 1296 Jungermannurn
578 1243 659 1278 huic
700 1258 723 1277 aa
754 1237 875 1289 poffim
908 1235 1107 1289 inscribere,

252 1308 355 1343 quem
377 1294 527 1342 sequitur
543 1302 672 1327 temere
687 1290 761 1326 Th.
779 1287 876 1323 Gale.
904 1286 940 1321 N
946 1284 1109 1320 otiffimus

255 1346 373 1392 utique
390 1344 440 1378 est
457 1343 513 1377 hic
534 1342 676 1376 Porinus
693 1340 792 1387 lapis,
817 1336 853 1370 Sc
868 1333 1052 1388 commode
1067 1331 1109 1387 ad

254 1395 349 1429 hunc
366 1392 483 1428 locum
499 1389 679 1438 inspexeris
695 1385 889 1423 Salmasium
906 1387 942 1420 in
950 1383 1108 1420 Plinianis

257 1455 337 1492 pag.
357 1440 434 1488 183.

306 1502 387 1537 309,
400 1493 452 1524 26.
480 1484 674 1534 Α’ξιὸχςεω]
704 1483 784 1519 MS.
800 1482 963 1529 ἀξιόχρεα.

300 1539 390 1575 lbid.
417 1536 496 1578 nair
513 1540 612 1574 I'wvlnv
629 1549 660 1569 τε
678 1531 788 1578 Syma]
819 1531 899 1566 MS.
917 1531 990 1571 πᾶν
1008 1527 1026 1568 ἢ
1043 1531 1111 1562 l’wv.

311 1600 392 1637 309,
402 1598 457 1628 27.
484 1587 542 1619 ἴστ’
559 1583 681 1625 ἕτεοι“ὲξ
701 1586 724 1631 ³}
743 1577 933 1624 rffloc‘nov'loe]
953 1579 1010 1614 De
1025 1589 1110 1626 quo-

257 1650 333 1675 rum
351 1646 518 1672 annorum
542 1631 718 1668 intellefim
743 1629 885 1665 sollicite
908 1627 944 1662 δί
959 1626 1061 1662 ἀοᾶε
1077 1638 1112 1660 a-

257 1689 310 1737 git
328 1686 439 1722 Henr.
458 1681 612 1719 Valesius
631 1681 672 1716 ad
690 1677 888 1716 Diodorum
903 1677 973 1713 Sic.
988 1677 1025 1712 in
1040 1675 1113 1711 Ex-

258 1737 385 1785 cerptis
401 1730 612 1770 Peirescianis
629 1742 705 1779 pag.
716 1741 774 1776 42.

311 1796 393 1831 309,
412 1795 466 1829 31.
500 1785 539 1816 E'v
560 1782 578 1827 3
599 1777 753 1825 musca]
788 1777 907 1813 Nimis
932 1774 1040 1810 subita
1054 1786 1114 1822 ge-

258 1835 345 1873 neris
370 1831 545 1872 mutati03
571 1827 661 1864 unde
681 1831 746 1876 jam
773 1825 948 1862 offendisse
972 1824 1031 1859 hic
1049 1824 1112 1859 do-

260 1885 333 1920 &os
348 1882 489 1918 lectores
507 1878 681 1927 persuadet
697 1875 891 1923 exemplar,
909 1885 978 1922 quo
993 1884 1113 1908 eorum

262 1935 336 1983 quis
351 1942 449 1967 utens
464 1927 636 1976 adscripsit
658 1925 889 1961 foemininum.
937 1924 977 1959 N
981 1934 1047 1958 unc
1066 1931 1115 1956 ta-

257 1981 414 2018 centibus
438 1977 596 2015 omnibus
619 1976 724 2011 testor
748 1974 817 2023 legi
844 1973 941 2022 plane
973 1973 1009 2007 in
1034 1970 1115 2006 MS.

261 2031 425 2068 Mediceo
443 2034 474 2065 ἐν
490 2028 509 2073 {3
528 2030 654 2073 αὐτῇσι,
680 2022 773 2072 quod
788 2022 930 2070 reposui.

311 2090 392 2126 310,
404 2089 456 2126 13.
483 2074 681 2111 Μελάνιππον
698 2075 717 2107 ’ἳ-
730 2072 868 2118 Akonai]
899 2070 978 2106 MS.
990 2074 1116 2107 Ο’ςοικέ.

262 2130 342 2165 Sive
360 2128 395 2162 id
412 2138 491 2161 vere
508 2136 634 2159 nomen
650 2123 774 2166 fuerit,
800 2120 868 2156 five
883 2120 931 2155 ita
951 2118 1115 2154 Herodo-

261 2190 299 2215 to
317 2176 481 2225 placuerit
491 2199 503 2218 ,
514 2185 620 2221 quum
636 2172 771 2218 reliquis
786 2169 1012 2218 appellaretur
1022 2173 1116 2213 A's-oa-

261 2228 330 2271 κός,
353 2224 475 2260 eodem
492 2221 622 2271 prorsus
635 2222 732 2269 jure,
749 2232 817 2266 quo
834 2218 985 2254 bestiolae
1001 2216 1116 2267 appel-

262 2276 423 2313 lationem
440 2273 674 2314 variaverunt,
685 2267 861 2317 Hesychio
879 2276 1021 2302 notante
1036 2267 1073 2301 in
1083 2278 1116 2302 v.

266 2324 405 2365 0'5002285.

313 2383 460 2422 310,23.
488 2369 608 2403 E'w‘eam
625 2366 824 2414 μεγαλωςὶ]
853 2364 933 2400 MS.
952 2364 1094 2400 ἐώθεσοον.

313 2432 473 2470 310,49-
491 2417 676 2464 Αἰγιιλὲας]
696 2417 757 2451 Est
766 2426 859 2451 error
868 2413 1118 2459 editionisJun-

262 2470 440 2522 germanni
456 2494 467 2513 ,
493 2479 594 2515 quem
614 2478 684 2500 non
700 2465 818 2500 debuit
841 2474 1029 2511 propagare
1045 2461 1119 2496 Th.

264 2520 363 2558 Gale.
413 2518 510 2553 Nam
526 2515 561 2549 ὃς
578 2516 705 2563 priores
721 2513 887 2549 editiones
910 2512 946 2547 ὃς
963 2509 1121 2546 omnibus

264 2568 431 2607 vetustior
450 2565 524 2600 MS.
543 2565 645 2599 habet
662 2564 759 2612 plane
776 2564 955 2608 Αἰγιαλέας.

317 2628 397 2665 312,
412 2625 464 2663 13.
491 2617 661 2657 Τιμησίθεον
679 2611 896 2658 ἃοίδελφεὸν]
923 2609 1121 2654 Quamhae-

263 2667 339 2702 serit
353 2666 388 2700 in
407 2676 449 2698 eo
465 2662 598 2706 editor,
622 2660 805 2709 praesertim
822 2659 1013 2707 Stephanus
1026 2683 1038 2702 ,
1059 2657 1120 2693 etfi

268 2714 427 2751 celaverit
445 2737 456 2754 ‚
483 2720 576 2759 patet
600 2722 642 2745 ex
666 2722 706 2744 eo
729 2735 741 2753 ,
767 2707 860 2756 quod
885 2707 969 2742 nulli
993 2706 1120 2741 indices

267 2764 393 2799 saciant
408 2761 493 2795 illius
509 2761 788 2802 mentionem,ut
804 2757 901 2805 plane
917 2755 1121 2803 stupuerint3

269 2821 367 2847 tanto
392 2810 497 2857 magis
515 2833 526 2852 ,
563 2807 656 2855 quod
681 2807 783 2841 nullae
810 2805 875 2841 lint
899 2805 1064 2854 suppetiae
1088 2805 1123 2839 in

270 2860 410 2897 MSStis
426 2883 436 2900 ,
463 2857 499 2890 ἃ
524 2858 642 2903 utique
668 2855 868 2890 Herodotus
892 2854 974 2890 solet
1001 2852 1124 2888 addere

271 2920 398 2944 nomen
415 2906 609 2951 eius,cujus
628 2903 730 2939 frater
744 2904 829 2947 fuit,
845 2913 884 2938 ut
904 2914 1000 2948 1,92.
1020 2907 1121 2946 7,67.

272 2960 392 3005 Itaque
431 2949 592 3006 sagaciter
632 2952 668 2986 &c
699 2951 919 3000 probabiliter
958 2951 1122 2987 excitavit

270 3002 572 3042 Grentemelnilius
588 3002 606 3034 ἑὲ
625 3002 757 3043 Δελφόν.

321 3066 400 3101 312,
417 3064 475 3097 47.
508 3051 635 3095 Ε”μεὶῐαον
661 3049 788 3094 μνῆμῑω
815 3047 1011 3093 ποιήσαοθζ]
1042 3047 1121 3083 MS.

270 3103 415 3143 muse&
434 3125 445 3144 ,
470 3108 509 3134 ut
526 3099 596 3147 jam
621 3099 657 3156 in
681 3098 749 3132 hoc
774 3096 846 3145 ipso
872 3096 961 3133 libro
983 3094 1063 3132 alibi
1085 3095 1121 3132 &

269 3163 352 3187 mox
367 3149 517 3196 μεὶλόνἾων
535 3148 553 3195 ᾖ
570 3145 717 3189 συνδιψῆν.

561 175 1293 250 JAc.GaoNov11
1366 181 1642 224 NOTAE

1201 256 1280 297 313,
1295 260 1324 284 1.
1351 249 1496 291 Κορίνθιοι
1512 246 1568 296 μᾏ)
1587 247 1694 295 πρῶτοί
1710 247 1797 295 σφι]
1827 248 1929 283 Nihil
1942 248 2000 284 ad-

1149 297 1215 333 fert
1232 299 1307 333 haec
1323 298 1422 334 tertia
1438 311 1520 334 vox.
1553 299 1634 333 MS.
1652 303 1758 345 πρῶτοι
1777 323 1788 341 ,
1813 297 1904 345 quod
1921 311 2001 346 pro-

1150 343 1313 382 culdubio
1336 357 1407 383 erat
1431 356 1508 389 ante
1531 346 1649 382 oculos
1668 346 1775 382 Valla:
1802 347 2002 395 interpreta-

1150 396 1231 431 turi.
1263 397 1310 431 Et
1325 408 1408 431 mox
1424 396 1630 443 μετεὲοίὶλονἹό
1645 411 1677 431 τε
1693 397 1738 433 καί
1753 421 1764 440 ,
1791 409 1861 431 non
1875 397 2004 443 μεἹὲξα-

1152 457 1204 480 λον
1222 460 1268 480 τε.

1205 504 1284 542 313,
1298 504 1351 528 10.
1375 497 1600 540 Παϋελυομὲνκ
1611 493 1743 539 ‘fin-&om
1755 493 1776 534 ξ
1785 495 1898 542 ἑτέρω]
1915 494 2006 530 Ver-

1152 542 1187 578 bi
1213 543 1305 578 istius
1330 542 1423 578 hunc
1449 542 1593 578 modurn
1625 555 1694 577 non
1720 545 1839 592 attigit
1865 545 2006 587 Portus,

1153 592 1246 641 quod
1270 605 1339 627 non
1363 592 1514 640 assequor
1539 605 1546 627 :
1582 590 1637 627 sed
1663 591 1831 627 simillima
1857 593 1907 628 his
1931 591 2008 627 sunt

1152 641 1255 677 verba
1272 640 1408 690 Polybii
1435 653 1477 676 ex
1495 645 1530 686 6,
1545 653 1598 690 31,
1625 653 1702 688 quae
1728 642 1849 677 citavit
1864 643 1914 677 H.
1931 643 2009 677 Ste-

1154 691 1307 739 phanus:
1334 693 1362 729 αἱ
1379 690 1440 736 0‘512'
1459 690 1609 738 Tgtxffl'wv
1631 695 1755 736 σημοὶἱσω
1783 692 1810 727 ’τς
1829 693 1883 737 μὲν
1908 695 1933 726 Ῥ
1955 707 2010 737 χι-

1154 740 1291 787 λιοίξχων
1307 738 1492 784 coqulw‘w'lus
1515 746 1697 788 λειτκξγίοος.
1751 739 1818 775 Sed
1835 752 1904 776 non
1923 741 2012 788 pati-

1154 799 1211 823 tur
1225 789 1300 824 haee
1317 789 1364 823 ita
1380 787 1470 837 legi,
1493 789 1621 824 nedum
1637 790 1748 837 accipi
1764 790 1916 837 optimus
1927 789 2012 825 MS.

1156 837 1350 872 exhibendo
1369 838 1606 882 ιωῖρριλυομένων.
1647 839 1703 874 Sic
1720 838 1898 883 ὤξμλύεοᾶς
1914 848 2014 874 notat

1156 886 1250 920 domi
1269 895 1463 920 manentem
1481 886 1522 921 ab
1540 887 1661 923 militia
1679 900 1818 932 vacare,
1845 898 1884 923 ut
1905 886 2013 923 fimile

1157 935 1354 982 exemplum
1370 935 1456 968 citat
1473 946 1514 969 ex
1527 936 1675 983 Polybio
1687 937 1887 984 Stephanus.
1914 935 2014 981 Qud

1159 983 1251 1031 quod
1267 994 1337 1018 non
1351 982 1448 1017 aliter
1463 982 1598 1019 videtur
1623 985 1738 1033 legisse
1758 985 1855 1020 Valla
1872 1002 1883 1027 3
1908 987 2014 1020 vertit

1158 1033 1249 1067 enim
1268 1033 1316 1067 Et
1331 1031 1546 1077 hisſsejunais.
1587 1033 1654 1068 Sed
1677 1046 1754 1081 quae
1777 1035 2014 1082 interpretatio

1160 1082 1279 1129 nequit
1293 1080 1499 1126 satisfacere,
1517 1082 1579 1118 etfi
1595 1083 1694 1130 plane
1709 1081 1832 1117 helbeat
1850 1082 1896 1117 fic
1913 1084 2020 1130 parti-

1159 1131 1290 1179 cipium
1301 1130 1434 1165 nomini
1449 1133 1666 1168 conveniens.
1683 1131 1780 1177 Quid
1794 1131 1895 1180 ergo?
1905 1131 1944 1167 N
1947 1144 2020 1167 em-

1159 1191 1203 1228 pe
1221 1179 1347 1215 Graeca
1362 1178 1483 1215 dicunt
1498 1181 1569 1218 Illis
1583 1190 1689 1217 autem
1705 1180 1819 1217 liberis
1841 1182 1878 1217 ὃς
1894 1181 2022 1226 remtffis

1159 1229 1200 1263 ab
1224 1231 1321 1264 altero
1346 1239 1470 1276 nempe
1494 1243 1600 1280 opere
1616 1257 1629 1276 ,
1654 1229 1748 1279 quod
1770 1229 1905 1279 collega
1928 1230 2021 1266 exse-

1160 1279 1295 1325 quitur,
1313 1278 1382 1313 hoc
1397 1279 1466 1322 est,
1481 1278 1573 1315 bello
1591 1280 1646 1316 vel
1661 1279 1894 1328 expeditione.
1921 1280 1963 1317 N
1965 1292 2019 1315 am

1161 1327 1183 1366 ἔ
1201 1331 1283 1375 {ries
1302 1326 1438 1362 videtur
1452 1329 1489 1363 in
1506 1339 1630 1364 neutro
1648 1330 1742 1377 poni.

1213 1387 1294 1424 313,
1310 1388 1367 1422 42.
1402 1377 1495 1424 Χρόνῳ
1516 1378 1534 1424 ᾗ
1556 1379 1657 1424 ὕςερον
1678 1377 1828 1425 huma]
1864 1378 2020 1414 Locutio

1165 1424 1240 1460 haec
1261 1426 1360 1471 plena
1377 1452 1385 1464 ‚
1413 1437 1477 1461 nec
1494 1427 1747 1463 commovenda
1762 1452 1775 1471 ,
1801 1426 1864 1462 nifi
1881 1439 2020 1475 appare-

1165 1482 1216 1507 ret
1232 1485 1274 1507 ex
1292 1472 1359 1506 fide
1374 1473 1537 1510 codicum
1552 1477 1773 1523 antiquorum
1791 1476 1856 1511 effe
1866 1476 2023 1523 interpo-

1165 1521 1268 1556 latam
1283 1520 1324 1555 ab
1339 1520 1453 1555 alienis
1469 1523 1634 1558 manibus.
1647 1525 1744 1559 Nam
1754 1525 1933 1560 Mediceus
1941 1525 2022 1560 MS.

1165 1571 1303 1619 ignorat
1317 1580 1440 1604 vocem
1456 1568 1553 1618 ῧςεςον
1562 1595 1574 1615 ,
1582 1570 1619 1605 ὅτ.
1628 1571 1719 1607 reete
1728 1597 1740 1615 ‚
1749 1582 1789 1605 ut
1803 1571 1887 1606 solet
1895 1598 1907 1616 ‚
1915 1586 2023 1620 quum

1166 1631 1237 1654 non
1250 1618 1456 1655 determinat
1469 1618 1614 1668 spatium
1631 1645 1643 1665 ,
1669 1630 1786 1655 utrum
1803 1619 1908 1655 fuerit
1922 1633 2024 1670 gmn-

1167 1668 1280 1714 de2an
1294 1668 1463 1713 breve-‚ec
1478 1668 1636 1718 exempla
1647 1671 1720 1718 jam
1737 1670 1873 1706 notavit
1888 1670 2025 1707 Portus.

1221 1732 1234 1767 3
1246 1722 1363 1765 13,46.
1378 1720 1698 1766 Πευπεφλώσμὲνων
1710 1720 1818 1767 msa]
1826 1719 1923 1755 Citat
1930 1719 2025 1757 hunc

1168 1767 1285 1805 locum
1295 1767 1463 1804 Meurfius
1479 1769 1516 1803 in
1524 1768 1697 1817 Cecropia
1713 1781 1787 1818 cap.
1801 1782 1858 1816 30,
1873 1767 1933 1804 ubi
1949 1778 2024 1805 tan-

1169 1829 1244 1854 tum
1260 1816 1415 1868 agnoscit
1432 1817 1668 1864 πεφλᾶισμένων
1687 1831 1695 1854 :
1721 1818 1950 1866 praecedentia
1965 1831 2025 1854 ve-

1168 1881 1208 1903 ro
1224 1869 1260 1903 in
1282 1868 1394 1916 capite
1411 1877 1469 1914 25,
1492 1866 1553 1903 ubi
1576 1866 1664 1902 male
1686 1868 1792 1904 vertit
1813 1868 1858 1902 ad
1879 1867 2024 1902 dextram

1167 1930 1304 1953 manum.

1223 1978 1368 2015 313,49.
1395 1963 1493 2005 Ε”ςηκε
1508 1971 1618 2014 πρῶτοι
1636 1966 1768 2013 zelada]
1800 1966 1879 2002 MS.
1896 1971 2024 2013 πρῶτον.

1172 2015 1304 2053 Nescio
1322 2015 1405 2064 quid
1423 2015 1493 2050 loci
1511 2015 1600 2051 istud
1616 2016 1743 2063 plurale
1759 2016 1816 2051 hic
1835 2025 1959 2051 teneat.

1222 2077 1302 2111 314,
1315 2078 1344 2110 5.
1371 2069 1479 2110 Δεσμῷ
1495 2070 1525 2100 ,ἐν
1541 2065 1731 2112 ἀχλυόενῖε]
1757 2063 1870 2101 Reete
1879 2063 2022 2111 prorsuS,

1171 2114 1207 2149 ὅ(
1222 2114 1448 2150 conveniente
1463 2114 1640 2160 epitheto,
1658 2113 1720 2149 nifi
1735 2115 1839 2149 rarius
1856 2113 1937 2161 quid
1946 2113 2021 2149 He-

1170 2163 1295 2199 rodoto
1314 2174 1404 2197 nunc
1429 2161 1582 2197 incidiss‘e
1608 2162 1785 2197 testaretur
1807 2161 1893 2197 liber
1907 2161 2022 2197 Medi-

1170 2225 1248 2249 ceus
1262 2237 1274 2256 ,
1299 2210 1497 2247 exhibendo
1513 2211 1688 2257 οἱχνυνθὲνῐι.
1715 2211 1779 2246 Sed
1797 2211 1844 2245 ita
1858 2236 1870 2255 ‚
1895 2221 1934 2246 ut
1951 2212 2022 2259 pri-

1171 2275 1229 2297 mo
1244 2261 1314 2296 illic
1329 2259 1490 2308 scripturn
1506 2259 1629 2304 fuerit,
1646 2260 1739 2308 quod
1755 2260 1924 2305 indicavi,
1941 2260 2022 2296 dein

1171 2312 1278 2346 literae
1296 2310 1408 2345 tertiae
1431 2307 1677 2356 superpositum
1696 2308 1736 2344 fit
1753 2320 1795 2353 Λ,
1819 2309 1929 2344 nescio
1952 2322 2021 2357 quo

1173 2357 1365 2396 correctore
1398 2358 1587 2406 imperante
1611 2368 1651 2394 ut
1680 2358 1812 2407 legatur
1837 2359 2023 2405 οἱχλυνθὲνῖι.

1174 2410 1280 2445 Certe
1297 2408 1378 2442 licet
1393 2407 1428 2441 in
1444 2407 1490 2441 cis
1505 2419 1583 2455 quae
1599 2407 1739 2443 collecta
1754 2407 1797 2442 de
1812 2408 1864 2443 his
1880 2407 2023 2443 vocibus

1171 2458 1248 2494 sunt
1263 2483 1275 2502 ,
1309 2454 1442 2491 denfior
1465 2454 1538 2491 usus
1570 2455 1611 2493 fit
1641 2456 1890 2492 derivationum
1916 2456 1959 2492 ab
1984 2460 2023 2492 ὁ*

1173 2507 1252 2554 χλῦς
1281 2505 1317 2540 &
1342 2504 1453 2552 οίχλῦω
1470 2532 1478 2546 ,
1505 2517 1608 2553 quam
1632 2505 1674 2541 ab
1700 2507 1794 2552 οἱχνῦς
1826 2505 1863 2540 &
1886 2506 2022 2552 οἶχνυμι,

1174 2555 1264 2592 haud
1279 2554 1381 2590 dubie
1396 2563 1511 2589 tamen
1533 2565 1630 2590 vetus
1654 2555 1703 2590 est
1725 2554 2021 2603 fimphciffimum,

1177 2606 1213 2641 ὅ(
1228 2604 1327 2640 dolor
1342 2615 1381 2638 ac
1404 2603 1506 2638 taedia
1523 2603 1664 2651 perinde
1688 2604 1724 2640 in
1739 2605 1882 2652 captivis
1899 2604 1935 2640 &
1950 2614 2021 2638 car·

1177 2666 1254 2690 cere
1268 2653 1411 2702 supponi
1425 2650 1570 2697 debent,
1596 2665 1698 2701 quam
1714 2652 1907 2689 obscuritas.

1227 2714 1306 2751 314,
1319 2713 1370 2750 33.
1395 2706 1517 2739 Eureivau
1537 2702 1572 2736 τδ
1589 2705 1672 2742 &Uimi
1687 2706 1776 2749 Msyiv
1793 2707 1856 2747 ἡμῖν
1871 2703 1903 2737 τδ
1911 2701 2023 2748 χςησῆ·

1180 2752 1282 2798 vom]
1317 2753 1384 2786 Pro
1401 2750 1439 2785 iis
1454 2750 1489 2784 in
1506 2751 1586 2785 MS.
1605 2751 1741 2799 optimo
1765 2752 1889 2801 legitur
1904 2755 2020 2787 συνιέναι

1177 2801 1210 2836 ro*
1225 2802 1307 2840 ἑθὲλᾴ
1322 2803 1410 2845 λὲγᾴν
1426 2798 1459 2834 τδ
1481 2800 1610 2845 fumum
1627 2825 1638 2843 ‚
1670 2801 1753 2836 mira
1777 2800 1912 2835 licentia
1934 2811 2021 2847 quo-

1176 2849 1319 2885 rundam
1337 2849 1372 2883 in
1387 2847 1578 2896 spernendis
1593 2848 1848 2897 antiquioribus.

1228 2910 1309 2946 314,
1323 2908 1379 2945 43.
1410 2900 1551 2934 Αἰακίδας
1567 2903 1745 2944 συμπὲμπιίν
1763 2895 1917 2943 ἔφασαν]
1953 2896 2021 2931 Ita-

1177 2948 1247 2984 ne?
1272 2959 1356 2995 ergo
1370 2945 1451 2981 dum
1471 2948 1616 2983 mittunt
1636 2958 1714 2982 cum
1731 2945 1826 2980 sociis
1845 2945 2020 2991 AEucidw,

1176 2997 1353 3046 AEginctae
1369 2993 1400 3029 se
1416 2995 1455 3029 iis
1472 2994 1614 3043 spoliant
1631 2995 1644 3030 ?
1670 2995 1860 3041 Nequeunt
1877 2995 1969 3030 credi
1986 2995 2020 3031 id

1175 3056 1324 3094 unquam
1341 3042 1462 3078 fecisse.
1490 3044 1529 3080 Ν
1532 3057 1571 3079 ec
1586 3044 1688 3079 fiebat
1702 3043 1767 3078 tale
1783 3042 1863 3090 quid
1879 3044 1921 3080 ab
1936 3056 2022 3093 gen-

1175 3095 1290 3129 tilibus
1313 3091 1374 3126 nifi
1399 3092 1445 3127 ob
1472 3092 1650 3142 singulares
1681 3091 1790 3126 causas
1807 3117 1818 3137 ,
1844 3102 1883 3128 ut
1907 3095 2022 3128 Mater

1176 3140 1294 3179 Deam
1312 3140 1348 3176 ὅ(
1366 3140 1578 3190 AEsculapius
1596 3140 1637 3177 ab
1655 3138 1717 3176 suis
1740 3141 1875 3189 populis
1896 3140 2020 3179 dimiffi

1975 3191 2025 3229 ita
