2112 3621
318 215 409 258 ET
448 216 849 261 OBSERVAT.
894 219 974 260 ΙΝ
1012 218 1655 270 HERODOT.L12.1X.

104 278 194 316 fuam
221 283 387 331 integram
410 284 518 320 doctis
542 284 727 320 editoribus
745 285 780 319 in
796 285 864 319 hoc
881 297 955 319 vcr-

104 329 152 364 bo
167 331 267 366 certis
278 333 348 379 jam
375 333 417 368 ab
435 334 545 368 Vallae
571 333 724 368 verfione
739 358 750 377 ‚
776 335 833 381 qui
851 334 954 368 inter-

103 379 300 426 pretabatur
314 381 581 427 deyideravcrunt,
607 381 707 417 doffte
725 408 736 427 ,
761 382 814 417 sed
831 395 900 417 non
917 392 955 417 ut

103 429 229 475 opinor
243 440 285 462 ex
303 440 418 465 mente
430 430 621 472 Herodoti;
646 431 738 479 quod
753 441 867 466 tamen
883 441 954 466 tan-

104 485 142 510 to
167 488 247 511 cum
273 477 386 513 labore
411 489 550 514 conatus
576 479 641 514 fuit
667 479 802 515 firmare
823 482 952 514 Portus.

102 524 212 573 Atqui
228 526 402 562 manifeste
423 538 561 576 apparet
579 528 647 563 hoc
661 528 803 563 verbum
821 529 863 564 ab
880 530 952 564 He-

101 573 227 610 rodoto
245 587 336 610 nunc
351 577 432 624 poni
448 578 483 611 in
498 577 619 612 eodem
637 576 748 620 sensu,
771 590 840 624 quo
856 587 952 613 antea

103 623 223 668 ἔμαθον.
249 624 289 660 Id
305 624 402 673 plane
418 624 524 673 ipsum
543 638 634 660 nunc
649 625 749 660 effert
766 626 920 662 ἐπόθεσαν.

152 684 235 719 517,
256 685 310 719 35.
346 677 450 709 Οὐκέτι
468 680 493 708 οἱ
509 675 629 709 ἵππότοα
648 672 825 720 {viduor-:l
862 676 950 711 Non

101 720 149 756 cst
166 721 235 757 hoc
249 722 390 758 verbum
415 723 497 757 aciei
512 723 672 757 dicatum.
723 724 843 771 ltaque
860 725 895 759 ἃ
911 739 948 760 o-

100 770 228 816 ptimus
250 771 328 805 MS.
347 770 452 806 servat
484 770 641 818 Επὲμῖυον
657 797 669 816 ,
703 773 794 820 qu'od
819 774 948 822 prorsus

100 820 257 866 oportuit
274 819 414 855 restitui.

152 866 231 912 518,
241 880 276 908 7.
309 868 361 905 Kal
376 872 497 910 ἐφοίτων
515 869 724 917 θεησόμενοι]
761 869 845 906 Satis
863 872 947 907 mira

97 915 146 950 est
163 916 269 951 versio
286 941 297 961 ,
323 929 423 965 quam
448 930 490 953 ex
515 918 566 952 his
584 917 807 954 concinnabat
828 920 944 966 Valla,

97 966 197 1014 ,Qcod
208 966 272 1000 idco
286 966 448 1012 fatiebant
464 992 475 1011 ,
501 969 573 1012 quia
588 969 687 1001 cunffii
702 966 769 1002 &c
812 969 894 1004 Nec
910 972 954 1006 e-'

96 1016 169 1049 nim
184 1015 218 1049 id
235 1014 312 1049 ideo
329 1014 506 1050 faciebant.
556 1015 621 1049 Sed
638 1028 741 1063 quum
754 1017 871 1052 Graeci
890 1031 943 1054 ca-

96 1062 199 1098 daver
214 1063 377 1098 veherent
393 1075 453 1111 per
468 1063 601 1099 ordines
611 1074 668 1105 ‚ut
685 1065 814 1112 poss'ent
828 1078 944 1102 omnes

94 1111 239 1153 videre5
267 1112 300 1147 id
326 1112 432 1160 vulgo
458 1125 526 1148 non
549 1111 681 1147 suffecit
699 1139 710 1158 ,
736 1113 789 1148 sed
813 1114 943 1162 insuper

94 1160 174 1195 idco
198 1160 450 1206 excurrebant,
479 1171 519 1197 ut
541 1161 704 1197 viderent.
756 1161 941 1199 Abundant

94 1208 167 1243 istae
183 1209 327 1244 voculae.
380 1210 498 1257 Itaque
514 1212 547 1245 in
565 1210 697 1245 Graecis
712 1209 835 1258 copula
851 1211 941 1247 1⁴e5te

93 1257 186 1292 abest
203 1257 245 1292 ab
263 1259 341 1292 MS.
375 1258 427 1293 Ita
442 1260 532 1293 enirn
550 1258 632 1293 solet
649 1259 864 1303 Herodotus,
881 1272 940 1295 cu-

89 1306 145 1354 jus
161 1315 310 1340 mentem
327 1307 449 1354 opinor
464 1306 555 1342 reete
571 1306 591 1341 ὲ
607 1319 662 1341 me
678 1306 877 1342 declaratam
894 1309 939 1343 es-

93 1354 125 1388 se
141 1355 176 1388 in
192 1354 343 1389 versione
354 1380 365 1398 ,
376 1356 502 1403 quippe
519 1367 618 1402 quarn
635 1365 766 1390 mutare
784 1358 939 1405 compul-

92 1402 142 1437 sus
158 1402 217 1437 fui.
259 1403 373 1437 Etiam
389 1415 458 1438 non
472 1403 626 1452 intelligo
643 1429 654 1447 ,
679 1417 740 1439 cur
756 1417 826 1439 non
842 1407 940 1441 Valla

92 1451 249 1486 maluerit
273 1452 307 1485 in
331 1452 606 1487 antecedentibus
624 1452 701 1488 dare
720 1466 727 1487 :
752 1463 820 1487 emt
836 1464 939 1489 autem

78 1499 252 1547 spechzculo
266 1501 399 1547 (ligmtm.

143 1548 221 1594 518,
234 1560 287 1594 27.
313 1549 492 1596 Α’ξιόίῖμεθοι
507 1551 616 1589 ταύτης
635 1552 662 1586 ‘2³
679 1551 831 1598 enlm&.]
857 1552 938 1587 Pro-

90 1597 150 1632 bat
167 1598 253 1632 hanc
272 1597 507 1644 loquutionem
524 1600 647 1633 Portus
663 1611 705 1634 ex
722 1600 854 1634 duobus
869 1601 938 1636 aliis

90 1645 196 1690 locis,
221 1658 304 1693 quos
320 1646 360 1680 ad
377 1658 498 1682 vocem
520 1647 605 1684 ςσίσις
622 1648 788 1683 conduxit
805 1674 816 1692 ,
843 1661 935 1684 nem-

91 1706 134 1741 pe
149 1695 185 1728 in
201 1693 300 1742 hujus
326 1694 402 1729 libri
419 1707 492 1743 cap⁴
511 1706 549 1730 21
573 1695 609 1729 &
626 1708 685 1742 47,
701 1698 735 1731 in
758 1710 826 1745 quo
842 1708 936 1733 utro-

89 1755 157 1790 que
175 1743 252 1777 loco
269 1744 377 1790 major
391 1745 475 1778 aciei
491 1743 644 1792 &praelii
661 1747 744 1779 ratio
761 1746 935 1793 est,quam

90 1791 216 1826 ordinis
234 1792 269 1826 in
287 1791 430 1827 locando
447 1793 566 1828 milite.
607 1794 714 1828 Unde
731 1794 803 1829 fieri
818 1797 936 1843 nequi-

91 1840 141 1874 vit
159 1865 171 1884 ,
206 1841 287 1888 quin
311 1841 418 1889 magis
442 1841 526 1876 milii
549 1841 708 1878 arrideret
730 1842 859 1878 vetusta
880 1844 937 1879 illa

87 1888 248 1936 scriptura
265 1890 387 1938 optimi
407 1890 483 1925 MS.
499 1891 628 1932 τάξιζῷε.

95 1957 99 1962 ·
141 1948 288 1982 s19,42.
315 1941 511 1986 Α’μαζονίδοις
529 1940 583 1975 τοὶς
597 1939 785 1987 ἐπιθήκη]
820 1941 935 1977 Locu's

90 1985 280 2034 desperatus
297 2011 308 2031 ‚
334 1988 375 2021 de
394 1999 461 2035 quo
479 1987 586 2023 forsan
611 1989 695 2023 nihil
718 1991 836 2025 melius
853 2002 934 2025 con-

86 2034 213 2069 suletur
229 2060 240 2078 ‚
275 2048 373 2082 quam
400 2045 511 2083 prout,
528 2037 722 2072 consuluisse
755 2039 934 2074 nonnullos

87 2082 227 2118 testatur
249 2084 320 2118 Th.
337 2084 424 2119 Gale
445 2083 589 2120 scribens
618 2086 733 2133 [Haec
749 2086 823 2121 dele
841 2100 848 2121 :
875 2100 933 2122 ne-

86 2143 153 2178 que
177 2132 266 2166 enim
284 2132 435 2180 agnoscit
453 2133 563 2168 codex
581 2135 622 2169 A.
640 2146 703 2169 nec
722 2134 819 2170 Valla
835 2161 846 2179 ,
871 2149 932 2171 nec

83 2180 234 2229 margo]
260 2181 372 2224 Bene,
398 2181 451 2216 sed
469 2181 638 2218 haetenus.
678 2182 751 2217 Cur
767 2185 857 2218 'enim
875 2185 931 2219 ha-

84 2227 161 2264 buit
182 2229 292 2264 codex
311 2230 516 2266 Etoncnfis?
542 2231 598 2265 Sic
623 2232 713 2267 enim
740 2234 862 2267 merito
881 2235 930 2269 in-

83 2286 257 2326 terpretor
280 2279 349 2326 ejus
372 2280 414 2315 de
439 2279 497 2314 illo
526 2278 704 2315 filentium.
756 2281 840 2316 Tria
855 2294 930 2329 quae

84 2328 323 2373 nominantur,
354 2329 429 2363 sunt
443 2328 539 2363 valde
564 2329 703 2376 fragilia.
755 2329 849 2365 Nam
869 2344 930 2366 nec

86 2386 235 2424 margo,-
268 2377 302 2412 id
326 2377 374 2412 est
391 2403 403 2422 ,
436 2377 625 2424 Stephanus
642 2401 654 2420 ,
684 2389 748 2412 nec
774 2378 869 2414 Valla
894 2393 932 2415 ea

84 2423 237 2470 agnoscit
251 2451 263 2469 ,
288 2426 446 2473 quoniam
466 2425 645 2473 agnoscere
668 2437 738 2460 non
754 2437 929 2474 poterant,

84 2479 207 2520 utpote
223 2474 315 2520 quod
332 2486 402 2509 non
420 2475 657 2521 intelligerent.
686 2475 742 2509 De
758 2476 929 2512 codiceA.

83 2524 276 2557 reverenter
288 2532 396 2557 taceo.
436 2524 482 2557 At
500 2524 597 2570 plane
614 2524 786 2570 Stephano
801 2525 930 2573 ignosci

83 2571 202 2618 nequit
218 2598 226 2610 ,
254 2582 358 2618 quum
381 2570 423 2604 de
447 2571 513 2605 hoc
536 2571 614 2607 loco
637 2584 678 2606 ne
693 2573 834 2607 verbum
857 2576 930 2621 qui-

82 2620 172 2655 dem.
198 2619 320 2654 AEmil.
337 2619 438 2654 ctiam
459 2620 578 2655 Portus
594 2620 742 2660 οἱποθῆκαε
760 2633 801 2656 ne
819 2624 929 2657 nomi-

82 2680 161 2705 nare
183 2667 318 2715 quidem
344 2668 480 2712 voluit,
514 2668 600 2717 saepe
625 2669 664 2704 ad
685 2669 804 2705 viliora
827 2670 930 2706 decli-

81 2729 173 2754 nans.
224 2716 290 2751 Sed
305 2716 341 2751 ὃ(
355 2729 398 2751 ex
413 2717 472 2752 illo
487 2719 651 2765 praeclaro
668 2718 829 2754 Mediceo
844 2721 927 2755 nihil

82 2765 220 2808 notavi;
238 2777 343 2812 quum
360 2766 495 2800 interim
514 2778 584 2800 non
602 2766 755 2802 videatur
772 2767 864 2803 locus
880 2768 926 2803 es-

80 2816 112 2852 se
130 2825 199 2850 tam
215 2813 356 2848 sordid-:e
374 2812 583 2850 obscuritatis
602 2830 614 2859 5
639 2823 678 2850 ut
697 2814 741 2849 sic
759 2815 800 2850 ab
820 2829 860 2851 eo
877 2818 926 2852 in—

80 2865 182 2914 genia
199 2863 318 2898 cessare
339 2861 518 2898 debuerint
543 2873 600 2899 aut
626 2863 787 2899 terrefieri
806 2866 926 2900 tolera-

81 2914 190 2948 verint
207 2937 218 2955 ,
243 2923 348 2958 quum
367 2910 662 2947 manifestissimum
682 2912 721 2947 sit
740 2913 926 2949 Athenien-

79 2960 147 2997 sem
169 2960 286 2996 dixisse
309 2964 336 2997 ἐς
360 2962 555 3006 Α’μοιζονίδοιε
577 2962 632 2999 ταῖς
658 2961 810 3000 οἱποθήτοος
829 2990 837 3002 ,
871 2964 927 3000 ταὶς

74 3009 141 3044 Son?
162 3009 302 3055 Θερμώὸ.
319 3033 331 3052 ,
365 3017 523 3056 tanquam
542 3009 641 3045 furias
659 3010 694 3044 &
712 3011 852 3045 minime
868 3011 925 3046 de-

82 3056 268 3093 fiderabiles
282 3057 451 3100 faeminas,
470 3069 546 3104 quae
563 3058 666 3093 essent
681 3059 925 3105 crudeliffimae,

80 3106 117 3141 ὃ(
133 3105 392 3149 abominabiles,
409 3115 510 3153 atque
525 3106 606 3141 hinc
621 3108 780 3155 optandae
795 3117 834 3143 ut
853 3109 924 3143 lon-

78 3154 209 3204 giffirne
223 3153 329 3190 abess‘e
347 3153 648 3202 perseveraviss'ent.
673 3157 763 3192 Puto
779 3156 924 3205 liquidis-

1777 239 1853 285 995

1006 285 1125 323 fimum
1143 289 1206 324 effe
1224 303 1276 324 eas
1300 305 1389 328 nunc
1409 307 1469 341 per
1493 297 1647 337 mnf-ml&
1664 308 1793 332 morem
1814 299 1858 332 fic

1005 337 1173 383 appellari.
1211 339 1350 376 Habent
1366 342 1453 377 hanc
1469 356 1589 378 vocem
1608 348 1721 380 omnia
1740 347 1858 380 lexica.

1055 391 1201 431 519546.
1229 390 1281 424 Καὶ
1299 392 1328 433 933
1346 392 1482 438 χρηςοὶ]
1512 393 1624 443 MS&
1643 396 1673 437 9⁸35
1689 395 1724 429 οἷν
1743 401 1859 441 zerices).

1059 445 1137 478 520,
1158 437 1209 483 38.
1250 440 1493 487 Amfflirf'sswv]
1535 441 1616 475 HO‘C
1644 442 1745 477 flocci
1770 444 1857 484 feci,

1007 482 1145 526 perinde
1165 493 1201 518 ut
1229 485 1307 520 istos
1326 488 1434 522 Vallae
1451 489 1644 535 Lepraeatas
1661 512 1672 533 ,
1696 504 1801 539 quum
1819 493 1854 526 in

1006 528 1093 563 libro
1124 533 1258 579 optimo
1282 535 1583 571 animadvertiffem
1609 537 1769 586 scripturn
1797 552 1854 575 Λε·

1006 579 1154 623 πςεηἾέων.
1204 582 1261 616 Sic
1277 595 1391 619 omnes
1409 586 1588 633 appellant.
1638 587 1727 622 Infra
1743 589 1778 622 in
1795 600 1853 623 co-

1004 625 1081 660 dem
1099 627 1185 663 libro
1201 629 1361 678 scriptum
1382 644 1453 669 erat
1468 637 1654 676 Λεπωήτας.

1052 686 1198 725 520,43.
1226 685 1337 715 Τετέων
1357 688 1375 725 {⁴5
1392 685 1526 729 ἐχόμενοι
1546 683 1738 730 Χαλκιδέες]
1761 685 1851 719 Prae-

1001 732 1052 757 ter
1068 726 1262 762 varietatem
1282 729 1464 776 loquendi,
1483 731 1518 765 ὃς
1535 731 1627 766 verbi
1647 735 1769 777 ἕχεᾶῡζς,
1791 745 1850 768 ω’ῃ

996 773 1050 818 jus
1066 775 1238 822 praecipua
1253 777 1310 811 hic
1326 780 1557 825 requirebatur
1574 780 1850 827 frequentiaffle-

1001 823 1136 856 xionem
1162 824 1196 858 in
1220 826 1323 859 varias
1340 825 1465 862 formas
1483 853 1493 871 ,
1521 838 1592 863 tum
1617 831 1700 864 inira
1720 830 1767 864 est
1790 842 1849 864 au-

999 868 1100 904 &toris
1117 883 1196 906 cura
1213 873 1246 907 in
1263 875 1444 922 participio
1461 879 1598 921 έχομενοι
1617 888 1674 912 aut
1689 877 1847 925 usurpan-

998 917 1043 970 do
1060 929 1116 953 aut
1134 922 1326 970 omittendo
1343 948 1354 966 ,
1381 933 1417 957 ut
1439 923 1726 973 subintelligatur,
1752 926 1787 960 ὃ(
1804 939 1847 961 ne

997 968 1095 1002 iemel
1113 969 1249 1016 quidem
1275 971 1426 1006 adhibita
1450 974 1584 1008 iteratio
1603 999 1614 1017 ,
1640 974 1701 1009 nisi
1727 975 1761 1009 in
1778 975 1846 1015 hoc

996 1026 1065 1049 uno
1091 1017 1193 1052 loco:
1222 1018 1279 1053 ubi
1304 1033 1407 1067 quum
1432 1022 1627 1069 praerniserit
1646 1027 1808 1069 ε’ςμιονὲων
1828 1024 1847 1068 3

996 1065 1153 1109 ἐχόμενοι,
1165 1078 1254 1101 nunc
1269 1078 1382 1103 tamen
1399 1070 1444 1104 ita
1461 1081 1498 1104 ut
1511 1071 1600 1105 vides
1610 1072 1727 1116 iterat,
1738 1084 1844 1119 quum

995 1112 1028 1145 id
1048 1126 1115 1147 non
1132 1114 1190 1149 fiat
1207 1118 1241 1149 in
1264 1117 1325 1151 alia
1346 1128 1448 1164 parte.
1491 1119 1557 1153 Sed
1575 1126 1752 1167 propterea
1767 1119 1845 1155 scias

993 1171 1129 1205 oportet
1140 1175 1260 1198 vocem
1277 1168 1410 1200 tertiam
1428 1179 1496 1201 non
1511 1168 1624 1202 essein
1643 1170 1722 1204 MS.

1045 1220 1123 1253 522,
1136 1223 1187 1245 10.
1213 1215 1292 1254 Περ)
1311 1221 1475 1253 Θεωωλίην
1493 1215 1677 1262 οἰκεομὶζᾶες]
1706 1217 1785 1252 MS.
1803 1224 1843 1251 οἵ·

993 1256 1138 1302 κημῆόες,
1164 1268 1202 1293 ut
1217 1259 1305 1308 saepe
1320 1262 1410 1297 alibi.

1046 1317 1123 1351 522,
1140 1318 1193 1352 24.
1229 1309 1371 1357 Πρότεςᾶν
1397 1317 1449 1357 μοὶ
1476 1311 1666 1358 dedimam]
1705 1313 1841 1349 Vocula

992 1369 1039 1398 μοι
1057 1367 1126 1390 ηοη
1142 1357 1189 1391 est
1204 1357 1237 1391 in
1255 1359 1334 1394 MS.

1043 1415 1121 1448 522,
1139 1415 1194 1451 27.
1231 1408 1315 1452 9*ςό
1339 1407 1493 1443 α’πειιωέσοα
1510 1407 1592 1455 ἐςὶ.]
1629 1408 1780 1444 Verbum
1799 1409 1840 1444 fit

993 1453 1224 1501 qualecunque
1241 1480 1253 1498 ‚
1279 1456 1391 1490 scribis
1410 1457 1583 1491 Herodoti
1602 1457 1636 1491 δί
1656 1457 1840 1492 editoribus

993 1500 1098 1534 forsan
1116 1512 1250 1548 gratum
1262 1528 1272 1547 ,
1295 1504 1386 1551 quod
1403 1515 1516 1539 tamen
1532 1504 1690 1540 annotare
1708 1505 1840 1554 insuper

992 1547 1111 1583 habuit
1135 1550 1232 1585 AEm.
1255 1553 1387 1587 Portus.
1437 1553 1519 1587 Huc
1544 1554 1763 1588 nihilominus
1780 1557 1839 1589 vix

992 1596 1128 1632 videtur
1152 1601 1334 1635 convenire
1356 1600 1442 1635 istud
1465 1601 1694 1649 compositum
1710 1627 1722 1647 ‚
1748 1604 1839 1637 unde

991 1644 1118 1693 legitur
1140 1647 1174 1681 in
1199 1649 1332 1695 optimo
1359 1651 1435 1684 MS.
1461 1651 1609 1686 {naualem
1626 1675 1637 1694 ,
1663 1650 1837 1698 conjectu-*-

989 1705 1058 1728 ram
1076 1694 1356 1745 adhibere,quod
1371 1707 1463 1732 certe
1482 1700 1544 1743 jam
1562 1700 1751 1746 requiritur.

1038 1745 1186 1790 523,48.
1214 1748 1302 1792 Γξοῖοί
1320 1741 1479 1793 ἐχξὲέῖοὖ,
1493 1748 1661 1783 Notabile
1675 1748 1725 1783 ‘est
1743 1747 1836 1796 quod

990 1790 1115 1839 legitur
1129 1794 1164 1827 in
1187 1795 1322 1841 optimo
1348 1796 1426 1830 MS.
1453 1796 1570 1842 ἐχξὲοὶῑο
1587 1822 1598 1839 ,
1623 1808 1727 1844 quum
1744 1796 1785 1831 ad
1800 1796 1835 1830 id

991 1842 1165 1886 pervenire
1183 1853 1251 1876 non
1271 1845 1421 1890 potuerit
1438 1844 1609 1879 curiofitas
1625 1846 1722 1880 AEm.
1738 1845 1834 1880 Porti

990 1897 1166 1937 tantopere
1182 1889 1212 1924 se
1228 1903 1346 1927 acuens
1363 1892 1398 1926 ὃς
1415 1894 1527 1927 omnia
1542 1893 1674 1941 ruspans
1691 1894 1725 1928 in
1743 1902 1835 1935 an-ro,

989 1935 1042 1971 sed
1060 1938 1129 1973 fere
1146 1940 1283 1987 pluralia
1299 1965 1310 1984 ,
1336 1941 1444 1976 donec
1460 1942 1624 1978 incideret
1639 1943 1673 1977 in
1689 1950 1832 1990 Hagnae-

988 1987 1075 2032 ξὲοἱῖο.

1040 2046 1119 2081 524,
1141 2048 1191 2084 31.
1224 2038 1304 2079 Κοιᾷὶ
1326 2040 1356 2073 τὸ
1381 2039 1521 2087 ἕχθςῷ-’.]
1556 2039 1634 2074 MS.
1657 2039 1732 2081 καῖςὶ
1746 2056 1778 2075 τε
1797 2039 1834 2074 τὲ

988 2083 1092 2128 ’ἐχθρω
1110 2110 1121 2128 ,
1154 2099 1221 2134 quo
1246 2087 1405 2123 lenissime
1431 2090 1633 2123 conciliatur
1658 2089 1733 2124 haec
1758 2101 1831 2137 pars

987 2143 1065 2166 cum
1085 2133 1240 2182 sequente
1260 2141 1282 2186 »ὲ
1303 2138 1377 2177 aa&
1394 2138 1426 2171 τὸ
1442 2141 1570 2183 ideam».

1035 2192 1114 2227 525,
1129 2196 1156 2228 5.
1183 2188 1349 2230 Φεαδόμενοι
1365 2186 1417 2220 gre
1437 2185 1628 2233 μάστζυγίκ]
1659 2185 1830 2234 Magisin-

985 2230 1094 2265 tendit
1120 2235 1311 2281 negativam
1339 2235 1424 2274 hanc
1452 2235 1660 2270 locutionem
1680 2236 1830 2282 optimus

987 2278 1064 2313 MS.
1089 2282 1252 2316 exhibens
1269 2286 1285 2317 κ’
1303 2283 1471 2328 φειδόμενοι
1488 2284 1536 2318 §fre
1557 2286 1699 2329 κὲωτζυγ.

1038 2338 1116 2372 525,
1134 2341 1188 2365 ΖΟ.
1225 2332 1468 2377 Α’νῖῐκσίῖημὲνοιζι
1503 2331 1690 2378 ominatos]
1726 2332 1829 2366 PaUlO

985 2385 1061 2410 ante
1079 2376 1123 2412 fic
1141 2379 1229 2414 dixit
1252 2384 1351 2426 ἡμέραι
1378 2385 1410 2415 δέ
1436 2391 1491 2420 σφι
1520 2381 1755 2425 οἱνέἰτκαἹημὲνοισι
1773 2381 1827 2419 ἤδη

984 2425 1172 2470 έγεγόνεσιω.
1217 2428 1281 2462 Sed
1301 2430 1334 2462 in
1356 2429 1401 2464 eis
1427 2441 1502 2476 quae
1526 2429 1654 2472 citavi,
1679 2441 1746 2463 vox
1765 2442 1827 2476 po—

984 2472 1101 2509 sterior
1116 2489 1184 2511 non
1201 2478 1248 2511 est
1264 2478 1297 2511 in
1311 2478 1386 2511 MS.
1397 2490 1537 2524 eamque
1553 2479 1661 2511 verius
1677 2478 1724 2511 est
1738 2478 1827 2512 dele-

984 2522 1010 2556 ri
1023 2523 1164 2569 debere,
1189 2538 1294 2572 quum
1311 2525 1346 2559 &
1363 2526 1462 2561 verba
1480 2527 1532 2560 illa
1550 2527 1660 2572 priora
1684 2527 1827 2562 habeant

983 2572 1071 2605 suam
1096 2575 1259 2608 rationem
1276 2599 1288 2617 ,
1314 2575 1347 2609 ὅ(
1366 2572 1438 2609 fitne
1453 2575 1611 2619 diveriam
1630 2574 1670 2609 ab
1690 2575 1740 2610 his
1755 2602 1766 2621 ,
1792 2578 1827 2614 in

985 2619 1105 2667 quibus
1121 2622 1288 2657 versamur
1304 2649 1315 2667 ,
1342 2622 1376 2656 δί
1401 2636 1442 2657 ex
1467 2623 1635 2671 principio
1657 2622 1727 2670 ipso
1751 2625 1825 2660 libri

984 2670 1093 2716 quinti
1116 2681 1273 2718 appareat
1296 2671 1467 2706 auam-em
1503 2670 1569 2706 ho‘c
1591 2671 1826 2720 decompofito

984 2718 1082 2752 malle
1098 2721 1147 2753 uti
1164 2719 1230 2754 fine
1245 2719 1361 2755 addito
1378 2720 1504 2754 dativo.

1032 2778 1071 2810 52
1082 2779 1112 2812 ς,
1128 2780 1179 2813 39.
1206 2768 1284 2802 *rz'w
1300 2774 1349 2812 μέν
1367 2769 1437 2814 νυν]
1469 2769 1633 2803 Particula
1647 2768 1825 2817 posterior,

979 2814 1039 2849 etfi
1051 2826 1206 2851 occurrat
1217 2815 1262 2851 fic
1273 2818 1422 2852 adhibita
1430 2817 1560 2864 saepiUS,
1569 2830 1637 2852 non
1646 2818 1693 2852 est
1701 2819 1735 2852 in
1744 2820 1823 2853 MS.

1030 2874 1173 2911 525,45.
1200 2864 1254 2899 ἔτι
1271 2872 1398 2902 πλεῦνας
1416 2866 1563 2913 γίνεοῧρ]
1602 2867 1755 2901 Verbum
1775 2872 1823 2912 yl-

980 2916 1071 2950 vzosstus
1087 2925 1155 2947 non
1175 2914 1223 2948 est
1238 2915 1272 2948 in
1291 2916 1369 2949 MS.
1387 2927 1449 2949 nec
1469 2915 1705 2958 incommode,
1719 2925 1822 2961 quum

979 2960 1120 2995 verbum
1146 2960 1210 2998 εἶναι
1238 2964 1394 3009 proxime
1423 2963 1597 2998 antecedat
1623 2962 1824 3010 interposito

977 3017 1110 3044 tanturn
1128 3010 1242 3046 verbo.

1029 3071 1111 3105 527,
1127 3072 1161 3105 7.
1197 3060 1248 3098 Μή
1263 3076 1303 3106 με
1322 3059 1548 3106 zlgcoefflaee'qn'la]
1587 3059 1663 3093 MS.
1679 3057 1776 3104 miste
1796 3064 1820 3109 ᾗ

980 3108 1141 3155 mesmes-(3.
1159 3109 1250 3154 Qiae
1261 3110 1383 3143 vocula
1394 3108 1491 3143 affeit
1506 3108 1595 3142 suam
1605 3107 1823 3142 venustatem.

1031 3169 1110 3204 527,
1128 3162 1178 3192 16.
1214 3158 1261 3198 Mn*
1276 3163 1400 3193 πλεῦνες
1415 3154 1618 3201 συναχθῆτε.]
1657 3156 1737 3191 MS.
1752 3168 1824 3190 συλ-

1324 3207 1359 3240 K
1372 3206 1393 3239 k
1404 3204 1426 3239 k
1436 3205 1457 3239 l··.
1470 3205 1491 3238 k
1503 3204 1525 3239 k
1555 3216 1572 3238 z
1684 3206 1829 3252 hegfifirz,
