2112 3621
271 227 361 270 ET
397 228 795 271 OBSERVAT.
835 228 912 270 IN
952 230 1328 273 HERODOT.
1372 230 1480 272 Lis.
1522 228 1552 269 Ι.

79 300 193 339 pterea
207 293 242 327 in
262 293 378 329 locum
393 296 544 343 reposui,
572 294 756 341 pitesertim
773 306 878 342 quum

78 342 147 374 huc
165 352 302 388 quoque
321 343 411 378 Cod.
427 344 535 378 Arch.
554 344 679 391 dirigat
694 369 705 387 ,
731 342 784 377 sed
804 343 877 377 Th.

77 387 167 422 Gale
191 388 372 426 dimidium
395 391 497 427 dante
511 418 524 436 ,
559 404 683 440 nempe
704 392 878 438 τξθὲπεζια,

74 435 280 487 adjectivum
290 441 484 475 omittente.
505 441 635 475 Nescio
650 442 786 488 quidem
796 440 878 487 quid

77 484 179 529 velit,
206 499 313 533 quum
330 488 469 524 Suidam
484 489 542 523 hic
560 491 643 524 citet
660 502 701 523 cx
715 489 780 524 alio
797 489 876 522 loco

79 532 242 580 τξθῖπεζοιν
260 538 412 573 &hamam
435 539 568 573 waezfloi'wv
592 540 717 583 σέγοιθῶν
741 536 878 580 ωῗὲρῑθέν-

76 596 135 617 τες.
163 582 245 618 Nec
264 597 412 633 nuperus
429 587 545 622 Suidae
563 587 674 620 editor
689 585 784 619 scivit
800 585 876 619 liaec

74 630 140 664 esse
155 631 328 669 Herodoti
344 634 464 679 verba,
490 647 553 669 nec
570 635 677 678 Gale,
704 633 765 668 nifi
784 633 877 680 quod

75 678 196 714 Suidas
213 693 392 730 praeponat
410 695 536 718 nomen
550 709 561 726 ,
594 682 647 717 sed
670 682 802 729 sumpta
821 682 877 717 illa

75 727 179 762 verba
192 741 235 764 ex
250 730 320 765 fine
337 731 413 766 libri
432 731 516 766 sexti
537 732 605 766 huc
628 731 713 766 nihil
726 731 876 775 facium,

73 774 135 810 nisi
152 778 245 823 quod
262 778 325 813 fint
340 779 505 826 parallela.

123 835 182 870 50,
193 823 227 860 8.
254 831 296 861 ΤΞ
310 830 402 863 {mon}
418 829 528 865 παιδὸς
544 829 634 864 πλῖα)
648 830 676 865 ¹13
693 829 783 876 κεφ]
799 830 876 864 Ru-

76 870 119 906 de
134 872 204 907 hoc
217 874 254 909 ὃς
269 874 405 912 durum.
439 878 488 912 At
501 889 603 925 quarn
620 877 717 912 suave
731 876 819 912 istud
834 890 876 912 ex

72 920 156 955 MS·
171 920 192 960 ἕ
207 924 317 962 παιδὸς·
334 924 356 963 ἔ
371 928 462 962 {oasim-2}
477 927 569 961 mla>
584 931 724 969 κεφαλῆς
739 943 781 962 τε.

121 979 182 1014 50,
196 983 250 1007 22..
279 973 368 1008 0⁰·r6la
386 975 484 1017 θηώκ
501 982 572 1022 agion
590 974 754 1022 &Get-ind]
780 975 874 1010 Lon-

72 1028 117 1066 ge
140 1020 262 1056 melius
282 1022 364 1057 MS.
381 1023 538 1071 βεςρῶκοι.
574 1024 670 1059 Idem
691 1025 769 1059 dein
788 1026 874 1071 ἔρδῃ,

73 1078 146 1101 non
162 1066 238 1114 ’ἔρδοι
252 1093 264 1112 ,
289 1083 366 1118 quae
384 1073 641 1108 terminationes
662 1073 783 1108 crebro
803 1074 875 1107 fue-

74 1125 156 1150 runt
177 1117 340 1154 confusae.
372 1120 441 1156 Sed
461 1121 497 1156 ὃς
513 1134 555 1156 ex
571 1123 724 1169 margine
739 1121 781 1156 ab
800 1122 875 1156 Ste-

74 1164 190 1211 phano
211 1167 415 1213 productam
437 1169 560 1217 sumpfi
586 1168 700 1205 ταότῖω
723 1182 766 1204 ex
791 1168 877 1217 ejus-

74 1213 153 1247 dem
170 1214 247 1249 libri
263 1215 475 1251 auetoritate.

122 1271 246 1309 50,3z.
273 1271 305 1298 Εἰ
320 1265 471 1311 ἐπέζησε]
500 1266 584 1301 MS.
605 1269 730 1313 ἐπέζωσε
744 1292 755 1310 ,
782 1267 875 1314 quod

72 1307 148 1363 satis
170 1311 330 1358 probabis
352 1313 532 1362 inspiciens
557 1315 764 1351 collectanea
778 1318 876 1352 Porti

72 1369 110 1392 m
125 1370 158 1392 v.
173 1360 268 1396 Zw'm.

122 1418 182 1453 50,
196 1420 255 1455 44.
282 1415 343 1446 Τῶν
368 1416 478 1458 λογίων
498 1416 577 1460 ἡμῶν
602 1414 665 1449 ’ἔνιαι
688 1413 873 1460 :texti-ignita]

72 1456 130 1491 Sic
139 1456 213 1498 sane
225 1461 349 1508 allegat
362 1462 439 1496 haec
453 1475 590 1510 quoque
605 1463 638 1496 in
646 1454 782 1497 [Lexico
793 1464 877 1497 Por-

73 1514 127 1541 tus
145 1531 157 1550 ,
183 1508 219 1543 ὃς
238 1510 420 1556 liquidiora
444 1521 588 1547 conatur
609 1511 749 1545 reddere
772 1512 877 1546 inter-

71 1557 239 1601 pretando
256 1559 424 1593 Nonnulla
447 1560 487 1592 de
509 1556 616 1598 nostris
636 1562 876 1593 vaticinationi-

74 1602 134 1636 bus
149 1605 182 1636 in
198 1608 317 1650 exigua
334 1606 500 1649 evadunt,
526 1605 561 1640 id
578 1606 646 1652 est,
673 1610 796 1641 exitum
814 1620 876 1657 pa—

73 1662 148 1685 rum
157 1650 296 1694 firmum
315 1665 502 1701 cereamque
519 1654 645 1690 habene.
679 1657 720 1691 Id
737 1659 876 1703 quidem

73 1698 303 1743 crediderim3
331 1701 386 1738 sed
404 1716 474 1738 non
491 1704 594 1739 video
613 1705 740 1752 aliquid
758 1707 878 1741 melius

74 1748 116 1785 ab
129 1760 171 1783 eo
191 1749 390 1797 dici‚quam
405 1752 447 1787 ab
461 1753 572 1789 Valla.
599 1754 712 1788 Immo
728 1766 791 1790 nec
804 1755 877 1791 satis

73 1796 176 1834 video
190 1797 225 1833 id
242 1798 284 1833 ab
299 1799 351 1834 his
363 1802 472 1849 magis
487 1801 568 1837 dici.
608 1803 765 1838 Omnino
786 1806 876 1839 enim

73 1848 231 1895 oportuit
246 1851 389 1897 ἡμετέρων
406 1850 452 1886 fic
468 1850 549 1886 dici.
576 1851 722 1887 Utinam
741 1865 878 1901 quoque

70 1896 270 1945 aperuisset,
278 1898 433 1947 quasnam
447 1901 656 1948 intelligeret
663 1902 878 1938 vaticinatio-

74 1958 133 1981 nes
153 1948 358 1995 magorum!
386 1950 507 1998 Itaque
525 1951 681 1995 mutavi,
709 1963 815 1997 quum
840 1965 879 1985 o-

74 1995 196 2030 mnino
212 1996 310 2043 λόγκι.
327 1996 392 2033 fint
406 2001 566 2035 vaticinia
581 1999 635 2034 vel
651 2000 796 2035 oracula.
823 2000 879 2035 Ex

74 2044 128 2080 his
148 2047 304 2092 quaedam
324 2045 447 2082 ceffifl'e
463 2050 499 2083 in
515 2051 631 2094 jocum
649 2048 683 2084 ἃ
700 2061 822 2083 vanum
844 2049 880 2083 &

75 2095 276 2140 mimicum,
303 2109 375 2131 non
392 2096 427 2131 id
445 2098 538 2143 quod
555 2096 758 2132 videbantur
774 2097 878 2145 figni-

76 2144 200 2189 ficare,
212 2146 334 2181 serium
354 2145 390 2180 δί
403 2146 661 2190 meticulosum,
677 2158 812 2182 narrant
827 2159 879 2182 re-

75 2196 134 2244 gi,
159 2203 198 2230 ut
212 2197 325 2231 minus
340 2196 464 2230 mirum
483 2194 544 2239 fit,
570 2207 608 2229 ea
622 2208 697 2242 quse
711 2195 878 2231 insomnio

74 2244 261 2280 monstrata
272 2245 367 2289 sunt,
392 2243 434 2279 ad
448 2242 618 2279 ludicrum
632 2244 745 2288 abire,
771 2258 875 2292 quum

76 2295 179 2329 etiam
192 2294 270 2330 data
283 2295 326 2330 ab
342 2294 421 2329 Diis
436 2293 572 2328 oracula
590 2293 878 2340 deprehenderint

77 2342 232 2378 fimiliter
242 2369 254 2388 ,
278 2354 385 2391 quum
399 2341 628 2389 exspectarent
642 2342 790 2377 maxima
803 2368 815 2387 ,
842 2344 878 2378 in

76 2391 242 2438 exiguum
257 2402 316 2426 aut
329 2391 486 2439 jocosum
503 2389 661 2425 transisse.

126 2451 185 2485 50,
193 2451 253 2485 47.
280 2440 379 2486 Tacui-ry
390 2445 524 2480 maiis&
535 2444 572 2485 τῇ
587 2439 688 2485 γνώμῃ
700 2439 786 2486 εἰμὶ]
804 2442 877 2476 DC-

77 2488 137 2524 bui
169 2500 310 2523 manum
344 2489 422 2524 dare
454 2487 665 2535 marginibus
692 2490 878 2535 Stephani,

79 2538 160 2573 dum
173 2536 244 2571 illic
260 2546 357 2575 notat
370 2536 490 2570 omisso
503 2536 647 2570 articulo
661 2542 793 2579 7055&
803 2540 877 2583 γνώ-

79 2587 146 2633 μῑω
164 2586 341 2620 inventum
359 2584 419 2619 sibi
435 2585 471 2618 in
485 2585 654 2619 nonnullis
669 2586 776 2620 MSS.
788 2587 879 2633 quod

78 2635 178 2683 plane
191 2643 308 2668 tuetur
321 2632 432 2668 codex
445 2634 473 2668 F
474 2633 723 2678 lorentinus,&
734 2635 781 2669 cst
790 2635 880 2670 haud

79 2683 183 2719 dubie
199 2683 387 2730 genuinum
402 2680 583 2716 Graecismi
598 2706 609 2726 ,
635 2692 674 2717 ut
688 2693 802 2730 patere
819 2696 882 2730 po-

80 2732 145 2769 test
158 2744 201 2766 ex
217 2742 315 2778 5,41:
333 2729 394 2765 etfi
410 2732 445 2765 in
457 2730 545 2766 libro
559 2742 582 2777 7
598 2743 672 2778 cap.
692 2743 757 2766 220
774 2732 883 2767 exstet

80 2781 198 2817 eadem
214 2780 347 2815 locutio
360 2805 372 2823 ,
398 2779 485 2814 bene
505 2789 667 2815 annotata
687 2780 729 2815 ab
748 2781 856 2816 Porto
871 2807 882 2825 ,

981 308 1038 340 51,
1057 296 1109 331 18.
1144 298 1196 334 ny‘
1216 314 1257 332 σοι
1277 300 1371 342 'estrees-c
1393 303 1517 332 τοιαῦτα
1543 298 1733 343 algen-§Adua-

928 345 1050 391 peOa]
1086 346 1173 379 Non
1200 347 1391 393 Stephanus
1426 348 1493 380 hoc
1527 345 1669 380 verbum
1695 346 1733 381 in

927 392 1106 427 Thesauro
1123 394 1286 428 illustrare
1301 407 1343 428 ex
1354 394 1635 437 Herodot0,n0n
1645 396 1731 429 Por-

929 450 980 474 tus
999 442 1033 475 in
1050 442 1185 475 Lexico
1205 439 1367 476 annotare
1386 442 1579 476 voluerunt.
1618 443 1732 478 Reen}

929 490 1019 535 quod
1034 490 1074 523 ad
1089 491 1182 524 hunc
1198 490 1314 525 locum
1332 507 1343 532 3
1369 490 1427 525 ubi
1444 502 1512 524 non
1527 490 1633 525 solum
1649 493 1732 528 MS.

930 537 1128 582 Mediceus,
1144 538 1198 572 sed
1211 540 1311 573 etiam
1329 539 1419 573 Cod.
1435 538 1540 572 Arch.
1558 539 1647 585 apud
1656 541 1731 574 Th.

930 585 1017 619 Gale
1038 585 1166 622 habent
1179 612 1191 631 ,
1220 586 1486 631 ὤρρεκελόδέμεθοι
1504 611 1515 628 ,
1541 587 1633 633 quod
1652 600 1733 634 pro-

928 643 1043 681 pterea
1056 647 1118 681 pro
1134 648 1216 670 vero
1237 637 1343 682 recipi
1362 635 1475 669 debet.
1518 635 1661 670 Interim
1682 647 1733 672 ta-

928 695 1008 717 men
1028 682 1062 717 &
1079 684 1113 717 in
1127 684 1314 719 Herodoto
1339 683 1445 718 exstat
1462 682 1603 718 verbum
1622 692 1733 721 Διοικε·

928 731 1018 765 λάθω.
1070 733 1162 767 Mox
1181 744 1318 780 quoque
1336 758 1347 776 ,
1374 733 1465 777 ἔλεγέ
1484 739 1508 766 οἱ
1528 732 1606 767 τάδε
1623 758 1635 777 ,
1660 747 1733 769 non

929 781 1050 821 τοιαέὸέᾗ
1079 781 1116 816 &
1131 781 1239 816 rursus
1258 783 1402 827 μεγάλως
1420 781 1597 826 οιάπάζονῗο,
1615 783 1732 830 negle-

927 828 984 863 &o
998 840 1206 877 augmento,
1231 830 1323 878 quod
1340 831 1426 864 mire
1438 829 1554 863 nostro
1570 830 1694 877 placet.

978 889 1073 924 52,3.
1100 880 1160 916 Τοὲς
1177 878 1274 916 πάθαις
1293 877 1314 917 ξ
1329 880 1403 925 Κύξ8
1418 883 1455 924 τῇ
1475 880 1570 912 imbri
1587 880 1732 927 ὄμσιέμε-

929 925 1016 971 νῶκ]
1046 928 1103 963 Sic
1119 928 1194 970 est3
1222 940 1329 962 unum
1349 926 1454 961 modo
1469 927 1591 962 vulnus
1611 928 1646 962 ὃς
1667 930 1732 964 mi—

926 975 1098 1012 serabilem
1126 977 1237 1013 casum
1259 977 1415 1023 Harpagi
1442 977 1612 1011 novimus.
1661 978 1729 1013 Sed

929 1035 1067 1070 quantas
1088 1026 1121 1060 id
1143 1027 1174 1061 ei
1193 1025 1401 1060 calamitates
1415 1035 1471 1060 aut
1485 1026 1588 1060 etiam
1604 1037 1731 1061 contu-

928 1074 1043 1107 melias
1057 1076 1210 1110 attulerit
1224 1099 1235 1117 ,
1262 1074 1297 1108 &
1311 1073 1450 1121 quidem
1468 1083 1593 1118 tantas,
1620 1085 1657 1110 ut
1673 1087 1731 1110 ve-

930 1120 980 1156 lut
1003 1134 1103 1156 novae
1126 1125 1217 1158 πάθεα
1245 1123 1400 1168 quotidie
1424 1121 1557 1168 poss'ent
1579 1123 1729 1169 censeri,

932 1169 965 1203 id
984 1170 1147 1205 nescimus
1164 1196 1175 1214 ,
1202 1180 1240 1205 ut
1257 1171 1324 1204 hoc
1341 1170 1491 1216 respectu
1509 1183 1607 1205 unam
1624 1173 1730 1208 modo

930 1220 964 1252 in
975 1219 1142 1266 Harpago
1152 1218 1311 1266 agnoscat
1326 1219 1464 1265 vulgata
1475 1219 1648 1253 Herodoti
1656 1232 1730 1256 nar-

928 1269 1037 1311 ratio,
1061 1269 1121 1303 etsi
1139 1268 1251 1302 nescio
1268 1266 1445 1313 quomodo
1467 1267 1603 1313 puerilis
1624 1269 1658 1301 in
1680 1281 1731 1303 re-

929 1318 1096 1364 petitione
1110 1316 1244 1351 articuli
1260 1315 1301 1350 ad
1316 1327 1423 1363 genus
1436 1314 1652 1351 substantiva:
1668 1330 1731 1352 vo-

927 1367 975 1400 cis
989 1367 1205 1401 commutati.
1231 1365 1329 1399 Hinc
1342 1365 1613 1411 oportunitatem
1625 1378 1730 1413 quan-

926 1414 1002 1449 dam
1017 1415 1111 1450 vides
1127 1416 1161 1448 in
1177 1427 1218 1448 eo
1234 1419 1316 1459 τῇσι,
1344 1412 1437 1459 quod
1452 1414 1487 1446 in
1502 1415 1655 1460 margine
1667 1428 1733 1461 pu·—

925 1462 1066 1497 blicavit
1076 1463 1286 1510 Stephanus,
1312 1460 1366 1495 sed
1384 1461 1517 1507 integre
1532 1463 1730 1507 praeclaram

927 1523 1029 1558 opem
1045 1512 1173 1559 accipit
1186 1509 1404 1551 Herodotus,
1431 1509 1575 1543 antehac
1593 1511 1731 1557 publice

930 1572 999 1595 non
1022 1559 1096 1594 suus
1112 1584 1124 1603 ,
1156 1570 1199 1594 ex
1224 1560 1358 1605 optimo
1385 1558 1466 1592 MS.
1493 1558 1550 1604 qui
1572 1559 1732 1605 perhibet

932 1608 994 1646 Τοῖς
1008 1608 1107 1645 πάθαις
1125 1608 1182 1645 τοῖς
1201 1608 1276 1654 Κύξε
1290 1612 1356 1654 τῇσι
1372 1609 1474 1640 ἑωῦτέ.
1517 1605 1732 1654 Elegantiss-

930 1669 986 1692 ma
1011 1657 1046 1691 ἃ
1066 1656 1217 1692 historiae
1235 1656 1469 1704 integratione
1490 1653 1525 1689 &1
1543 1657 1677 1692 articuli
1694 1659 1731 1693 in

929 1706 1051 1741 eodem
1072 1717 1198 1753 genere
1218 1703 1484 1740 conservatione.
1533 1704 1599 1739 Sed
1622 1709 1731 1754 major

927 1756 1123 1802 corruptela
1141 1755 1223 1789 latet
1246 1755 1282 1788 in
1298 1753 1362 1788 illis
1383 1751 1599 1800 sequentibus
1613 1779 1624 1798 ,
1651 1756 1732 1799 φύς

930 1806 966 1845 AL'
978 1805 1019 1839 ἔτι
1037 1804 1114 1848 ‘cii-cp
1133 1802 1209 1838 τάδε
1228 1809 1252 1837 οἱ
1269 1805 1452 1848 κατέργαςο.
1493 1801 1654 1846 Quorum
1678 1806 1731 1839 in-

927 1853 1126 1900 terpretatio
1140 1852 1208 1896 est,
1230 1862 1376 1897 praeterea
1393 1863 1468 1884 vero
1486 1850 1545 1884 haec
1566 1851 1606 1885 ab
1628 1866 1660 1886 eo
1670 1854 1731 1897 fa-

929 1902 978 1935 {Za
994 1912 1095 1935 erant.
1122 1901 1176 1936 Ex
1189 1900 1311 1948 quibus
1323 1899 1492 1948 intelligas
1509 1911 1634 1946 praeter
1651 1902 1729 1938 haec

928 1962 1005 1998 quae
1020 1950 1204 1997 sequuntur
1220 1975 1231 1994 ,
1258 1949 1320 1984 alia
1333 1949 1445 1983 adhuc
1461 1950 1564 1984 citata
1579 1949 1675 1985 fuisse
1688 1951 1729 1986 ab
1751 1955 1754 1956 ⁷

928 2000 1094 2047 Harpago
1110 2024 1122 2043 ,
1155 2011 1231 2047 quae
1256 1998 1347 2032 nulla
1370 1998 1492 2040 fuere3
1526 1997 1615 2034 dona
1639 1999 1730 2034 mifit

929 2048 1024 2095 Cyro
1041 2072 1052 2091 2,
1078 2047 1133 2082 sed
1156 2060 1227 2082 non
1247 2047 1379 2094 aperuit
1394 2072 1406 2090 ,
1431 2059 1499 2093 quo
1517 2047 1607 2082 sensu
1628 2048 1663 2082 id
1682 2049 1731 2083 fa-

929 2107 1039 2132 ceret:
1054 2108 1163 2144 neque
1177 2097 1268 2131 enim
1282 2094 1374 2130 ausus
1390 2095 1466 2130 fuit.
1494 2097 1623 2131 Omnia
1638 2099 1732 2143 prio·-

930 2159 964 2180 ra
980 2147 1014 2180 in
1029 2147 1142 2181 animo
1157 2146 1253 2180 coxit
1265 2157 1303 2193 ac
1321 2145 1453 2188 tenuit,
1480 2144 1540 2179 nifi
1556 2146 1650 2188 quod
1659 2145 1746 2193 Cy-‘

930 2207 1005 2230 rum
1021 2204 1197 2230 veneratus
1212 2193 1279 2228 fuit
1293 2193 1391 2228 donis
1405 2193 1520 2228 licitis.
1538 2193 1648 2229 Nunc
1660 2193 1731 2243 Cy-

930 2256 968 2279 ro
982 2243 1097 2279 adulto
1113 2253 1206 2290 parat
1222 2252 1355 2277 coetum
1366 2267 1378 2286 ,
1403 2251 1442 2277 ut
1457 2254 1526 2276 non
1535 2253 1680 2288 praeterea
1697 2243 1732 2278 id

929 2293 1051 2328 fecerit
1063 2318 1075 2337 ,
1102 2291 1156 2326 sed
1175 2292 1326 2339 primum
1343 2316 1354 2334 ,
1381 2303 1488 2337 quum
1510 2291 1636 2326 Medos
1654 2303 1733 2327 ante

929 2341 1131 2376 sollicitasset
1162 2352 1201 2375 ae
1232 2339 1430 2389 pellexiffet.
1486 2339 1606 2387 Itaque
1634 2341 1670 2375 ὃς
1698 2342 1733 2375 in

931 2390 999 2425 hoc
1019 2399 1087 2425 tam
1116 2390 1252 2424 minuto
1270 2414 1283 2433 ,
1313 2388 1367 2423 sed
1388 2388 1570 2435 permultas
1592 2389 1734 2436 ineptias

930 2438 1042 2474 secum
1060 2439 1218 2473 trahente
1235 2449 1362 2472 vocum
1381 2437 1483 2480 serie,
1510 2435 1656 2481 Lector,
1682 2438 1734 2472 vi-

930 2488 972 2523 de
997 2500 1099 2534 quam
1122 2485 1323 2522 venerabilis
1347 2484 1387 2520 fit
1413 2484 1497 2519 fides
1522 2484 1735 2520 vetustiffimi

933 2536 1135 2583 exemplaris
1150 2559 1162 2579 ,
1187 2533 1278 2569 unde
1300 2535 1439 2581 corrigo
1454 2549 1467 2575 3
1493 2533 1552 2580 Πρὸ
1567 2536 1600 2568 δέ
1617 2550 1645 2568 τι
1661 2534 1736 2569 τέτε

936 2585 1011 2620 τάδε
1029 2591 1053 2618 οἱ
1067 2588 1239 2630 κατέξγαςο
1254 2607 1266 2627 ,
1292 2583 1362 2617 hoc
1375 2583 1444 2626 est,
1469 2582 1583 2629 aliquo
1599 2593 1736 2630 tempo-

935 2639 1071 2668 re'ante
1091 2645 1191 2679 quain
1209 2632 1244 2666 id
1266 2630 1362 2679 Cyro
1378 2631 1568 2674 indicaret,
1595 2631 1671 2666 liaec
1695 2632 1736 2666 ab

936 2694 978 2716 eo
991 2681 1079 2716 facta
1097 2681 1182 2716 sunt.
1225 2680 1321 2715 Nam
1337 2692 1414 2727 quae
1435 2680 1508 2726 quis
1524 2680 1739 2716 machinatur

935 2730 977 2765 ad
1003 2729 1222 2764 efficiendum
1241 2729 1390 2776 aliquid,
1415 2729 1535 2774 utique
1557 2729 1583 2761 is
1600 2740 1637 2763 ea
1661 2739 1738 2764 ante

936 2778 1113 2826 excogitat
1124 2803 1136 2822 ,
1162 2789 1262 2824 quam
1280 2777 1363 2812 illud
1379 2776 1539 2812 efficitur.
1566 2777 1607 2811 In
1623 2789 1739 2812 exem-

80 2829 188 2865 sedin
206 2841 272 2877 qua
293 2838 413 2875 regnat
430 2827 585 2874 dativus,
613 2829 716 2864 etiam
737 2842 779 2864 ex
800 2842 884 2864 con-

81 2877 174 2914 sensu
189 2877 437 2924 exemplarium
455 2877 680 2912 MSStorurn.

129 2938 149 2972 5
158 2939 169 2961 1
179 2952 189 2971 ‚
198 2938 230 2962 z.
261 2925 360 2972 σ’μως
369 2928 419 2971 μέν
432 2924 506 2971 τοι]
519 2926 588 2960 Hae
603 2926 803 2972 posteriores
813 2939 887 2974 par·
942 2933 1082 2972 quentes
1094 2949 1105 2966 ,
1131 2932 1235 2970 prout
1248 2923 1379 2958 exstant
1396 2924 1431 2957 in
1444 2922 1669 2967 editionibus,
1683 2924 1743 2957 ubi

84 2974 199 3009 ticulae
222 2976 290 3021 jam
313 2974 360 3009 fic
382 2973 507 3020 jun&ae
525 2983 622 3009 antea
645 2985 889 3019 occurrerunt,
943 2985 1050 3020 quum
1073 2971 1118 3006 fic
1139 2970 1330 3019 separentut
1348 2973 1384 3013 dl]
1402 2972 1442 3006 ἔτι
1462 2996 1473 3014 ,
1499 2973 1533 3005 in
1553 2971 1640 3006 libro
1661 2972 1741 3006 MS.

83 3021 140 3056 sed
159 3017 275 3069 augeri
295 3023 372 3058 vult
391 3023 474 3058 MS.
486 3022 540 3068 ,uXu‘
556 3037 684 3068 γετοι,
710 3024 803 3071 quod
820 3024 892 3058 cdi·
944 3030 1092 3069 vergunt
1105 3019 1145 3055 ad
1160 3021 1257 3055 aliam
1273 3020 1516 3068 separationem
1529 3044 1539 3063 3
1561 3031 1682 3065 nempe
1696 3022 1745 3052 δὲ·

70 3070 129 3105 di.
163 3069 299 3106 Deinde
312 3071 403 3107 idem
417 3075 466 3109 σέο
485 3089 508 3123 ⁷3
525 3074 551 3109 ’θ
568 3075 617 3111 σῆς
638 3076 734 3120 ἀρχῆς
750 3100 759 3114 .
787 3084 893 3121 quum
946 3086 997 3114 τι,
1022 3069 1113 3117 quod
1133 3069 1210 3105 ideo
1227 3070 1366 3117 nequivi
1380 3068 1532 3115 spernere
1548 3092 1559 3110 ,
1587 3067 1643 3113 qui
1658 3065 1746 3119 didi-

79 3118 189 3167 vulgo
201 3120 248 3154 σέο
265 3133 299 3154 τε
318 3118 340 3158 Ε
359 3122 402 3168 ‘1⁸3
1367 3117 1496 3151 Nnnn
1508 3128 1528 3148 n
1694 3126 1746 3155 ci,

937 2828 1020 2875 plari
1041 2826 1179 2873 quidem
1198 2825 1259 2860 illo
1275 2825 1351 2873 post
1367 2827 1510 2873 primam
1527 2837 1650 2860 vocem
1667 2826 1741 2861 sunt

939 2876 1069 2910 eaedem
1093 2875 1200 2909 literae
1228 2884 1374 2921 quatuor
1394 2887 1433 2909 ac
1461 2873 1492 2908 se
1521 2875 1669 2909 invicem
1694 2874 1742 2909 se-
