2112 3621
311 256 358 309 85
368 269 389 297 z

307 323 370 358 bro
389 333 425 368 7,
443 318 499 355 82.
553 318 611 353 Est
628 319 717 353 enim
738 318 827 354 idem
843 330 971 353 nomen
990 331 997 352 :
1025 315 1116 364 quod

307 371 416 406 scribo
433 381 493 417 per
511 369 648 403 tertiam
666 368 796 402 literam
815 393 826 412 ,
853 368 930 416 quia
949 366 993 401 fic
1010 366 1117 401 exstat

307 421 341 454 in
357 418 484 466 scripto
501 416 610 461 libro,
636 430 706 452 non
716 430 819 465 perjg.

356 467 418 514 78,
433 479 444 501 1
456 479 485 502 1.
521 466 578 503 Καί
596 465 792 512 κηλωνίοιζι]
831 465 910 500 MS.
927 464 1053 512 liquide
1068 476 1119 499 re-

308 517 375 552 fert
392 520 416 566 »ὲ
434 517 629 562 κηλωνῆῖοιζι.
661 516 753 561 Qiae
770 514 818 549 est
836 515 890 549 illa
906 515 973 563 ipsa
990 514 1120 558 forma,

308 578 409 614 quam
433 564 628 612 usurpamus
652 564 822 612 hodieque
848 565 882 599 in
909 563 966 599 lib.
991 569 1022 598 6.
1047 575 1120 611 cap.

313 627 329 649 1
340 627 396 658 19,
404 626 481 663 quae
498 615 578 649 hinc
598 613 733 662 quidem
752 613 976 648 confirmatur
990 613 1054 647 esse
1063 625 1120 647 ve·

309 663 432 700 riffima
450 690 461 708 ‚
488 663 651 711 quicquid
668 663 769 697 etiam
787 661 970 710 suspicetur
989 663 1119 697 Portus.

308 713 357 748 Et
383 714 464 748 hinc
490 722 628 761 apparet
646 738 657 757 ,
685 711 777 759 quod
801 711 896 759 supra
920 709 1121 747 occurrebat

309 764 462 806 ἔδωλίοιζζι
482 789 491 802 ,
517 774 586 797 non
611 760 813 809 scripturi-m
840 760 935 796 fuisse
960 757 1122 794 Herodo-

311 820 385 847 tum
396 836 409 856 ,
434 810 489 846 sed
504 813 673 857 ἑδωληΐοιζζι
684 835 696 854 ,
722 809 746 845 fi
762 809 835 845 usus
850 821 889 844 ea
904 809 999 844 vocis
1013 806 1124 843 forma

311 860 423 896 fuisset
442 886 454 905 ‚
489 860 582 908 quod
625 859 724 894 nimis
764 858 861 893 facile
896 857 1121 893 crediderunt.

310 909 421 958 Quod
445 909 575 944 mireris
590 934 603 953 ,
629 921 698 944 non
723 908 818 943 aliter
840 909 923 943 citat
949 905 1124 942 Salmasius

312 960 349 994 in
366 959 527 994 Plinianis
550 969 626 1006 pag.
650 956 725 1002 589.
770 958 851 992 Hoc
875 956 1017 991 rectum.
1058 954 1124 989 Sed

312 1009 488 1044 contineat
504 1006 615 1054 quaeso
634 1017 771 1040 manum
781 1031 793 1049 ‚
811 1006 847 1039 &
863 1017 905 1039 ne
920 1004 1042 1038 doceat
1053 1003 1124 1037 He-

312 1057 497 1100 rodotum,
524 1053 700 1102 quomodo
719 1054 836 1088 Ionice
854 1053 1071 1100 pronunciari
1089 1064 1127 1087 ea

311 1118 383 1141 vox
399 1104 530 1140 debeat.
568 1103 643 1138 Illic
661 1103 762 1137 etiam
788 1113 864 1150 pag.
884 1100 947 1147 581
977 1103 1060 1136 citat
1079 1101 1124 1135 se-

311 1155 450 1202 quentia
469 1152 640 1188 Herodoti
658 1151 762 1187 verba
786 1151 911 1190 Ε’πᾴὸοέν
928 1148 1029 1191 οἶμαι
1047 1151 1125 1190 ωότῆ

310 1207 417 1244 {mii-1234
443 1202 535 1241 ὀιέἱκη
552 1226 564 1245 ,
596 1212 702 1248 quum
725 1201 760 1234 in
784 1198 991 1234 editionibus
1015 1199 1125 1235 exstet

313 1252 406 1289 ἐπεοόν
424 1251 443 1298 ἃ
460 1240 573 1292 o'o'ejw.
617 1248 726 1292 Qiod
751 1248 857 1283 miror
873 1272 885 1291 ,
911 1249 1071 1295 quoniam
1090 1249 1125 1284 in

313 1301 394 1337 MS.
411 1299 567 1348 legebam
587 1299 690 1339 ἑπαόὶ]
708 1297 743 1333 οἶν
759 1298 862 1339 δέρμα
880 1324 888 1336 ,
917 1297 1008 1345 quod
1026 1298 1062 1332 ὅ(
1078 1297 1125 1333 se-

314 1358 439 1398 quutus
455 1349 524 1393 fui,
549 1346 605 1382 sed
620 1349 653 1381 δὲ
670 1345 791 1381 invasit
808 1345 905 1380 male.
939 1346 1007 1382 Sed
1023 1346 1059 1381 δί
1075 1346 1123 1383 se-

314 1400 452 1447 quentia
467 1397 560 1433 vides
578 1396 681 1430 citata
704 1394 768 1429 effe
792 1394 834 1428 ab
851 1395 924 1429 viro
949 1396 1123 1439 maximo,

312 1457 416 1496 prout
438 1446 530 1481 edita
553 1443 628 1478 sunt
642 1467 654 1484 ‚
679 1442 771 1489 quod
794 1444 905 1488 patuit
928 1443 970 1477 ad
988 1456 1047 1488 74,
1070 1455 1124 1488 15.

311 1506 352 1531 ut
373 1495 527 1531 videatur
549 1490 698 1537 rejeciss‘e
713 1515 725 1533 ‚
753 1489 846 1536 quod
869 1490 1060 1537 Stephanus
1085 1491 1126 1525 ad

311 1545 502 1592 marginem
524 1534 632 1586 posuit
653 1539 748 1577 οἴκνῆο.
775 1538 894 1582 Quam
911 1538 994 1574 felix
1014 1539 1127 1574 fuisset

312 1594 384 1641 ejus
401 1590 585 1633 memoria,
613 1586 637 1622 fi
653 1587 845 1622 universum
862 1588 980 1623 locum
998 1588 1125 1624 omifis-

311 1641 381 1678 set?
408 1641 490 1676 Nec
507 1638 599 1674 enim
616 1637 792 1685 cognitam
812 1635 933 1671 habuit
951 1637 1126 1673 Herodoti

310 1702 450 1727 manum
466 1715 478 1734 ,
504 1699 604 1736 quam
629 1697 721 1720 nunc
745 1686 864 1733 accipe
882 1698 926 1721 ex
944 1686 1025 1722 MS.
1043 1687 1124 1722 Me-

312 1739 432 1784 diceo,
454 1738 542 1775 πόλις
562 1743 588 1771 οἱ
610 1735 717 1775 nimmia.
755 1778 758 1780 q

359 1788 421 1835 78,
439 1800 497 1830 27.
528 1788 670 1832 Tem-{gom
695 1783 828 1820 6075272'wv
845 1783 1039 1831 δακτύλων]
1074 1784 1124 1820 At

313 1839 450 1887 quinam
468 1835 545 1872 sunt
566 1834 614 1869 illi
631 1834 752 1870 <somme
769 1834 937 1877 δάκτυλοι,
959 1835 1037 1880 quia
1052 1834 1122 1870 vel-

312 1897 352 1923 ut
369 1888 404 1922 in
417 1884 641 1922 materiariam
658 1881 832 1917 tabernam
847 1882 982 1930 ingreffi
1002 1883 1123 1918 culmi-

311 1949 354 1972 na
363 1936 403 1972 ad
414 1936 603 1985 digitorum
620 1930 785 1966 mensuras
795 1931 1045 1967 mercabimur?
1056 1933 1123 1968 Di-

314 1987 362 2021 cit
379 1998 462 2035 ergo
475 1983 573 2020 Valla
589 1982 803 2016 maximorum.
831 1981 879 2015 At
894 1979 1044 2016 sanffitas
1060 1994 1124 2029 pu-

313 2035 403 2071 blica
418 2042 520 2082 negat
536 2031 600 2068 effe
615 2029 745 2065 easdem
766 2029 870 2078 justas
889 2028 1055 2065 mensuras
1070 2031 1125 2065 vel

314 2084 476 2120 maximas
490 2082 545 2117 vel
561 2081 727 2115 minimas.
771 2080 810 2115 Ν
814 2091 860 2113 on
881 2079 973 2113 enim
989 2078 1124 2128 respici-

313 2133 432 2169 musin
449 2129 625 2166 communi
641 2128 698 2163 usu
714 2127 754 2163 ad
772 2128 908 2163 cubitos
922 2129 1045 2176 regios.
1072 2129 1121 2163 A-

314 2183 378 2218 lius
397 2180 446 2215 est
455 2178 665 2221 Valla‚alius
681 2176 900 2222 Herodotus,
916 2179 974 2225 qui
991 2177 1121 2226 scripfit

314 2230 451 2266 όῢπέἷὲως
462 2252 473 2271 ,
497 2236 536 2262 ut
554 2234 679 2274 practer
695 2226 802 2261 MSS.
819 2226 983 2273 Stephani
1001 2226 1123 2274 probat

314 2279 506 2326 inculpatus
529 2276 584 2310 ille
601 2274 711 2309 codex
736 2275 931 2310 Florentiae.
967 2276 1055 2311 Non
1073 2276 1122 2311 fui

313 2326 537 2379 igitursegnis
552 2326 586 2359 in
602 2322 788 2372 reparando
804 2322 951 2360 auctore.
980 2324 1120 2360 C1.Fri-

314 2378 449 2416 dericus
465 2374 621 2422 nequivit
643 2373 724 2408 hinc
743 2372 834 2407 abire
860 2371 928 2407 fine
946 2374 1122 2418 mentione

316 2428 418 2464 variae
435 2423 588 2460 lectionis
612 2423 648 2456 in
670 2422 739 2456 hoc
762 2420 923 2456 adverbio
941 2447 953 2466 ,
977 2421 1014 2456 &
1031 2422 1124 2457 addit

317 2478 382 2525 [ut
400 2474 446 2509 fic
464 2469 667 2521 quaternum
685 2470 755 2505 fere
770 2470 960 2519 digitorum
977 2471 1122 2506 latitudo

317 2520 556 2568 fitrnificetur]
584 2532 688 2569 quum
706 2529 804 2555 notet
826 2528 884 2554 aut
897 2520 985 2568 juste
998 2521 1122 2568 'imple-

317 2559 425 2610 rs'aut
442 2570 586 2625 superari
603 2570 717 2618 potius
735 2569 821 2604 hanc
848 2568 1034 2605 mensuram
1050 2595 1062 2615 ,
1087 2569 1123 2605 ὅ(

318 2624 380 2665 fere
396 2621 457 2658 fibi
473 2625 600 2655 ici-vare
618 2619 778 2666 potuerit.

311 2666 326 2687 i·
364 2671 425 2717 78,
439 2669 492 2705 28.
512 2668 620 2704 0“’σονῐι
631 2667 892 2714 δένδῷεμὲγικθῶ
902 2667 1025 2715 γίνεῇ]
1045 2669 1125 2703 Hoc

321 2721 493 2769 plebeium
510 2717 558 2752 est
582 2717 623 2751 ad
648 2716 681 2751 id
705 2716 797 2764 quod
820 2715 950 2764 scripsit
965 2717 1125 2753 Herodo-

318 2780 391 2814 tus,
417 2768 591 2814 exstatque
608 2764 753 2800 fideliter
768 2765 975 2800 custoditum
992 2766 1027 2801 in
1045 2767 1121 2802 MS.

319 2819 379 2855 ὅσον
395 2819 415 2851 ἰι
429 2816 759 2862 δένδῷονμέγεθῡγίν.
774 2813 833 2849 ubi
850 2815 984 2850 notabis
1001 2827 1123 2851 vocem

319 2867 466 2914 pfiyeo&
484 2865 547 2899 esse
571 2864 680 2911 quarti
707 2862 796 2898 casus
812 2889 820 2903 ,
847 2871 886 2898 ut
908 2863 984 2898 addi
1002 2863 1124 2899 debeat

321 2917 405 2959 illis,
431 2926 506 2960 quae
526 2913 640 2947 notavi
659 2911 718 2946 sub
735 2913 883 2947 numeris
899 2916 934 2956 6,
952 2923 1004 2960 34.
1021 2922 1124 2961 prout

320 2967 422 3000 etiam
440 2961 545 2996 limile
561 2961 607 2994 est
623 2973 653 2995 c.
666 2972 742 2995 202.
771 2962 875 3005 Λὲσέῳ
893 2961 1041 3005 μεγάθεα.
1061 2978 1123 2998 ποι-

321 3015 510 3060 ρθιπλησίοις.
535 3009 679 3043 Perinde
696 3017 734 3042 ut
747 3019 778 3051 2,
793 3019 844 3052 32.
870 3008 978 3045 1'1051700:
998 3019 1069 3042 τοῖσι
1086 3010 1124 3044 οἶ-

322 3065 391 3109 γκζι
407 3061 440 3096 r&
456 3059 597 3104 mque&
615 3059 686 3093 i'ff85.
713 3057 758 3090 Et
775 3068 804 3090 c.
822 3067 878 3102 71.
907 3057 1020 3090 Immo
1037 3069 1122 3093 nun—
1147 3084 1150 3104 ,

584 250 758 307 JAC.
834 246 1338 307 GRONOWVII
1412 245 1691 290 NOTAE

1173 315 1317 361 μέγεθςῷψ
1334 314 1393 350 ulli
1408 316 1462 350 alii
1474 315 1630 365 junctam
1646 315 1777 361 voluit,
1802 316 1919 366 estque
1933 319 1986 355 in-

1176 365 1292 411 primis
1303 364 1452 400 notabile
1466 366 1665 414 exemplum
1680 377 1693 399 1
1704 377 1716 400 1
1725 364 1759 410 8,
1768 378 1824 413 42.
1835 367 1893 402 ubi
1904 368 1987 404 MS.

1176 412 1274 460 plane
1294 416 1444 458 δίπηχυν.
1494 413 1631 450 Prorsus
1655 413 1762 450 fimile
1779 415 1828 450 est
1846 417 1938 464 quod
1955 429 1986 452 c.

1182 473 1247 503 199
1264 460 1437 508 sequetur:
1465 463 1505 497 'ro‘
1525 464 1543 508 ὃ
1559 463 1705 511 ἀργύριον
1720 466 1848 511 μέγεθός
1867 469 1910 503 ἐςι
1925 467 1986 501 ὅσον

1179 509 1215 544 ὦν
1230 535 1241 553 ,
1266 510 1325 545 ubi
1350 510 1426 559 post
1450 512 1586 546 tertiam
1602 524 1727 548 vocem
1747 525 1850 562 prave
1869 513 1988 550 distin·

1180 569 1301 608 gaunt.

1228 607 1286 653 78,
1300 612 1350 656 36.
1377 608 1433 646 Τὲς
1442 611 1547 645 συκέων
1556 609 1659 657 τρίπον
1669 611 1898 659 θεξμπάέζι]
1925 612 1988 648 Ci-

1180 664 1270 692 tatur
1286 658 1343 692 hic
1359 656 1453 692 locus
1468 658 1509 693 ab
1522 657 1682 694 Salmafio
1697 660 1733 694 in
1743 659 1901 695 Plinianis
1911 673 1989 710 pag.

1187 716 1287 752 ¹334,
1310 706 1368 741 ubi
1393 707 1500 754 plenis
1521 707 1657 743 follibus
1681 708 1750 758 legi
1771 707 1810 743 &
1825 708 1990 758 distingui

1177 753 1276 800 jubet
1293 755 1499 803 verba‚quae
1516 757 1624 807 vulgo
1640 769 1710 792 non
1725 756 1818 793 recte
1832 757 1991 794 habeant.

1183 802 1233 836 Ea
1248 813 1285 837 tu
1302 803 1446 838 scrutare
1463 804 1579 840 lector.
1608 805 1702 842 Nam
1718 807 1797 854 quia
1812 807 1933 843 vitiose
1950 809 1990 844 il-

1183 851 1227 884 lic
1245 853 1352 899 magis
1369 853 1472 888 credo
1496 854 1537 889 ab
1560 857 1651 904 typis
1676 854 1788 891 aetum
1807 881 1819 900 ,
1846 857 1914 892 huc
1931 858 1989 893 ad-

1181 898 1267 933 ferre
1285 901 1470 937 commode
1488 903 1544 938 illa
1560 916 1713 952 nequeo,
1741 905 1776 941 Sc
1793 905 1990 943 incommo-

1181 946 1224 981 de
1240 959 1310 982 non
1326 949 1449 996 placet.

1229 995 1288 1040 78,
1297 1008 1353 1042 42.
1379 999 1526 1044 Καταίπες
1539 998 1576 1039 ein*
1592 1007 1618 1035 οἱ
1632 999 1778 1049 human]
1798 1004 1992 1043 MS.0mit-

1180 1044 1224 1078 tit
1242 1046 1445 1093 particulam
1462 1047 1508 1088 δή.
1525 1047 1560 1083 ὃτ,
1579 1061 1662 1084 mox
1680 1052 1790 1086 οἰπιεῖσι
1806 1064 1870 1099 pro
1892 1059 1992 1093 οἰπιοῖ-

1180 1108 1220 1127 σί.

1229 1140 1290 1188 78,
1300 1141 1357 1188 48.
1381 1147 1502 1190 Νομέοος
1517 1149 1591 1187 ἰτέης
1606 1147 1805 1197 τωμέμῖζυοι]
1834 1150 1996 1200 Ηίνομέες

1177 1187 1265 1238 saepe
1281 1190 1400 1228 versati
1415 1194 1490 1229 lunt
1507 1195 1543 1230 δε
1559 1196 1638 1232 caefi
1654 1196 1735 1234 &in
1749 1199 1796 1235 eis
1806 1199 1908 1236 Valla
1921 1214 1993 1238 arn-

1178 1237 1303 1275 bustus.
1328 1240 1483 1278 Ultimus
1500 1246 1558 1292 qui
1574 1246 1729 1292 acceffit‚
1754 1247 1803 1284 est
1823 1248 1993 1287 Cl.Grae-

1176 1288 1249 1323 vius
1258 1289 1298 1324 ad
1310 1290 1526 1327 Soloecistam
1536 1293 1682 1329 Luciani
1693 1308 1771 1344 pag.
1789 1308 1801 1332 1
1814 1309 1866 1346 13.
1884 1300 1926 1335 N
1928 1312 1992 1336 on-

1176 1348 1219 1370 ne
1234 1336 1306 1373 satis
1322 1340 1437 1375 tarde?
1464 1354 1540 1376 nam
1559 1343 1636 1390 post
1651 1344 1826 1381 Brodeum
1843 1346 1880 1382 ὃς
1895 1349 1990 1384 Leo-

1177 1386 1319 1432 pardum
1335 1390 1506 1437 popularis
1523 1391 1623 1438 ipfius
1635 1392 1828 1430 Fridericus
1838 1396 1911 1443 jam
1928 1396 1989 1433 be-

1177 1446 1220 1487 ne
1236 1446 1429 1472 correxerat
1445 1451 1522 1488 pag.
1537 1452 1574 1489 32
1586 1453 1597 1475 1
1620 1443 1722 1477 etiam
1742 1443 1866 1479 omiffis
1875 1456 1988 1491 pecua-

1176 1483 1234 1516 mis
1241 1508 1253 1527 ,
1262 1496 1345 1531 quos
1360 1497 1526 1534 cognatus
1543 1488 1692 1536 ejusdem
1699 1492 1989 1542 Jungermmnus,

1177 1529 1240 1564 alia
1254 1532 1372 1567 vitiosa
1386 1534 1473 1568 bene
1489 1547 1620 1572 mutans
1629 1563 1642 1581 ,
1657 1540 1850 1587 reliquerat.
1880 1543 1988 1589 Jubet

1177 1579 1292 1616 videre
1303 1594 1379 1629 quae
1395 1582 1552 1618 docuerit
1564 1585 1768 1622 Schefferus.
1789 1590 1882 1626 Vide
1893 1605 1989 1640 quae-

1177 1626 1212 1662 so
1229 1629 1285 1664 illa
1299 1656 1311 1675 ‚
1337 1631 1373 1666 Sc
1388 1631 1444 1666 dic
1468 1632 1582 1678 mihi,
1608 1645 1650 1668 an
1673 1646 1743 1669 non
1768 1635 1834 1672 smt
1857 1642 1989 1688 oppido

1178 1678 1360 1716 macilenta
1376 1680 1390 1716 ?
1415 1682 1524 1716 immo
1543 1695 1622 1731 quae
1643 1682 1707 1719 sint
1725 1684 1805 1731 illa,
1831 1699 1909 1736 quae
1926 1689 1989 1725 do-

1179 1736 1254 1763 ceat
1264 1728 1278 1763 ?

1229 1788 1289 1824 79,
1304 1790 1355 1828 13.
1383 1780 1483 1816 Ε’πεοὶν
1502 1777 1579 1829 ἔω]
1600 1781 1678 1817 MS.
1697 1782 1791 1819 ἐπεοὲν
1811 1782 1869 1830 ἱίῗν,
1895 1788 1990 1834 quod

1178 1836 1272 1862 certe
1283 1828 1442 1864 Ionicum
1459 1829 1495 1864 δεῖ
1514 1831 1718 1867 continuum
1737 1833 1774 1868 in
1790 1833 1989 1883 Herodoto,

1177 1885 1217 1911 ut
1234 1889 1326 1912 nunc
1344 1878 1379 1914 id
1398 1879 1429 1913 ei
1447 1880 1538 1928 eripi
1551 1893 1621 1915 non
1638 1880 1806 1918 debuerit.

1227 1938 1286 1971 79,
1301 1931 1353 1962 16.
1378 1928 1612 1978 Α’πεκῆςυξων]
1641 1930 1701 1965 Est
1711 1941 1832 1968 notum
1842 1933 1988 1973 verbum

1176 1974 1212 2009 in
1226 1976 1303 2023 jure
1321 1978 1425 2013 etiam
1437 1978 1588 2025 Graeco,
1614 1977 1670 2015 sed
1689 1993 1758 2016 non
1779 1982 1878 2030 hujus
1896 1983 1986 2031 loci,

1178 2023 1214 2058 ὅτ.
1232 2033 1271 2059 ut
1290 2035 1388 2062 notet
1407 2027 1563 2063 abdicare
1584 2028 1620 2064 Sc
1638 2029 1730 2065 ultro
1749 2027 1918 2080 abjicere,
1943 2042 1984 2068 ut

1176 2086 1239 2121 pro
1258 2074 1355 2110 lucro
1382 2076 1546 2112 habeatur
1573 2090 1611 2113 ea
1638 2091 1674 2114 re
1700 2078 1880 2127 spoliatum
1905 2080 1983 2116 esse.

1177 2123 1225 2158 At
1251 2123 1287 2159 hi
1307 2123 1381 2159 {ime
1406 2138 1476 2160 non
1503 2125 1549 2161 fic
1575 2127 1816 2163 consuluerunt
1834 2128 1870 2163 in
1887 2131 1981 2164 navi-

1174 2174 1239 2219 giis
1257 2171 1330 2209 suis.
1369 2175 1465 2210 Hinc
1483 2175 1614 2223 oppido
1633 2175 1784 2211 notabile
1801 2176 1870 2221 est,
1887 2179 1982 2226 quod

1174 2223 1301 2271 legitur
1318 2225 1354 2258 in
1372 2224 1506 2272 optimo
1530 2224 1608 2259 MS.
1626 2225 1859 2272 οἱπινεκήςυξοιν,
1878 2227 1925 2262 ita
1941 2238 1982 2264 ut

1175 2271 1272 2322 super
1291 2288 1300 2307 ι
1318 2273 1439 2308 habeat
1455 2272 1603 2321 pofitum
1625 2288 1636 2308 ε
1648 2283 1709 2318 ‚ut
1728 2273 1788 2310 etii
1799 2274 1889 2310 forte
1898 2277 1982 2324 quid

1176 2324 1277 2359 lateat
1295 2321 1460 2366 nesciam,
1475 2321 1632 2357 hactenus
1650 2333 1765 2358 tamen
1783 2323 1982 2361 observave-

1175 2374 1260 2417 rim,
1285 2380 1323 2406 ut
1340 2371 1504 2407 ediderim
1520 2372 1758 2420 άπενεκήςυξων,
1783 2382 1822 2407 ut
1839 2373 1982 2410 decom-

1176 2421 1326 2470 pofitum
1345 2430 1474 2469 pateret
1490 2446 1502 2465 ,
1527 2419 1599 2456 satis
1615 2421 1742 2469 alioqui
1761 2433 1873 2457 rarum
1889 2448 1901 2467 ,
1924 2423 1981 2460 sed

1176 2471 1254 2506 ideo
1276 2470 1513 2506 Herodoteum
1531 2495 1544 2514 ,
1570 2470 1606 2505 ὃς·
1623 2469 1716 2518 quod
1735 2480 1854 2516 notet,
1878 2471 1925 2507 ibi
1944 2473 1982 2509 in

1176 2520 1260 2556 urbe
1277 2519 1390 2555 solitos
1407 2531 1446 2554 ea
1463 2520 1639 2567 praeconio
1657 2519 1820 2566 subjicere
1840 2536 1853 2562 3
1888 2520 1981 2569 quod

1175 2569 1338 2618 intelligis
1355 2568 1540 2617 plurimum
1558 2568 1678 2604 distare
1695 2568 1736 2604 ab
1755 2568 1818 2604 isto
1835 2581 1980 2619 compo-

1176 2619 1239 2654 fito
1259 2618 1358 2653 nimis
1375 2617 1431 2653 hic
1451 2618 1687 2653 incommodo.

1225 2680 1284 2710 79,
1305 2677 1358 2713 25.
1392 2666 1444 2703 Kal
1458 2669 1505 2700 ἐπὶ
1520 2667 1639 2714 Tiro]
1675 2666 1757 2703 MS.
1777 2671 1800 2717 »ᾖ
1821 2671 1869 2703 ἐπὶ
1883 2672 1979 2702 τέτον.

1176 2716 1224 2752 Et
1241 2715 1331 2751 reete
1349 2727 1391 2750 ex
1411 2715 1516 2750 modo
1533 2715 1700 2751 scribendi
1718 2741 1729 2761 ,
1756 2728 1819 2752 nec
1836 2717 1978 2750 interce-

1176 2766 1227 2800 dit
1245 2765 1439 2799 terminatio
1458 2763 1503 2798 fic
1522 2772 1575 2799 ter
1591 2766 1777 2813 geminata.
1803 2765 1843 2799 In
1853 2775 1917 2810 qua
1927 2773 1978 2799 ta·

1177 2826 1254 2850 meu
1273 2813 1432 2849 videntur
1450 2812 1625 2849 offendiss'e
1644 2814 1783 2850 lectores
1801 2825 1808 2846 :
1835 2812 1924 2847 unde
1943 2825 1978 2847 e-

1176 2864 1247 2898 nim
1268 2863 1382 2911 potuit
1401 2863 1469 2898 huc
1490 2862 1598 2898 delabi
1609 2864 1637 2898 F
1639 2863 1817 2904 riderich
1844 2869 1881 2894 ut
1899 2861 1976 2896 ede-

1177 2921 1228 2946 ret
1247 2913 1414 2955 {rrevelu'vxCa
1432 2936 1443 2955 ‚
1469 2924 1574 2959 quum
1594 2921 1671 2947 ante
1693 2910 1788 2944 illum
1807 2907 1848 2942 ab
1866 2912 1977 2944 omni-

1176 2961 1238 2996 bus
1257 2961 1357 2996 fuerit
1375 2960 1504 2994 editum
1525 2961 1671 2999 ἐπενὸιίνί.
1716 2957 1753 2991 ld
1772 2956 1908 3004 quidem
1929 2960 1977 2994 est

1177 3009 1363 3058 principale
1381 3008 1518 3044 facinus.
1561 3008 1626 3044 Sed
1650 3004 1838 3041 inconsulte
1862 3009 1977 3056 :igitur

1175 3060 1209 3093 in
1227 3057 1477 3108 distinguendo.
1506 3058 1599 3092 Nam
1619 3067 1679 3090 cur
1698 3055 1733 3089 in
1752 3054 1884 3090 Latinis>
1904 3069 1976 3092 non

318 3124 418 3159 quam
428 3107 625 3145 Herodotus
639 3106 674 3140 in
688 3105 739 3140 his
755 3104 985 3141 locutionibus
1000 3117 1122 3141 vocem
1147 3107 1151 3131 ¹
1174 3108 1221 3142 ita
1238 3106 1458 3154 distinguitur
1485 3104 1615 3152 pa'nula
1642 3103 1682 3139 ab
1709 3103 1828 3138 calceis
1846 3130 1857 3147 ,
1882 3115 1920 3139 ut
1939 3106 1975 3140 in

1874 3155 1976 3188 (ἴητ-
