2112 3621
291 227 382 273 ET
422 224 824 273 OBSERVAT.
865 224 940 269 IN

983 225 1361 270 HERODOT.
1404 229 1632 274 L12.1X‚
1747 244 1826 288 999

77 289 154 329 sane
165 296 220 331 vel
236 296 393 333 alterutra
415 297 485 333 huc
500 296 684 344 requiritur
699 319 711 339 ,
737 306 775 328 ac
792 291 928 341 praeser-
973 304 1117 341 pta-gare.
1166 295 1299 344 Utique
1323 297 1357 331 in
1381 310 1462 346 rege
1491 299 1566 334 haec
1584 311 1653 334 non
1669 298 1734 334 fuit
1752 300 1830 336 fim-

78 343 144 377 tim
161 344 216 379 illa
232 347 326 393 prior
341 347 531 393 βαρὲσίςων,
558 356 663 393 quum
681 353 750 378 tam
773 351 928 377 accurate
980 342 1056 389 plex
1082 343 1240 378 defrictio
1271 354 1328 379 aut
1360 345 1531 389 detersio,
1567 348 1602 383 ὃς
1629 347 1831 396 capillorum

79 391 399 442 descripserit,quos
415 394 582 442 intelligat
599 406 658 441 per
673 392 733 427 ista
749 397 774 427 ἢ
791 393 928 426 κατ’ὅδδν
980 393 1217 440 purgationem
1235 403 1374 440 oportet
1397 396 1539 430 omnino
1562 397 1831 445 frequentiorem

77 440 278 494 ξτοςώομᾶἰόων
288 468 300 487 ,
326 453 366 478 ut
381 443 547 492 supponat
561 443 642 478 alios
657 441 771 484 fuiffe,
787 441 843 488 qui
861 451 929 474 non
980 441 1119 475 attribui
1136 441 1272 489 regibus
1283 441 1419 477 Persicis
1435 444 1468 477 in
1481 444 1539 479 ista
1555 445 1757 481 creberrima
1767 460 1832 483 un·-

78 497 126 523 1ta
141 491 338 526 recederent
355 504 416 540 per
428 493 540 537 viam,
566 503 650 540 quos
667 492 701 525 in
717 490 816 524 initio
830 489 929 536 hujus
980 490 1100 542 guenti
1117 489 1299 534 affufione,
1323 490 1382 525 nifi
1400 491 1544 527 debeant
1559 494 1743 530 ludibrium
1760 507 1832 531 ma—

78 538 201 586 CZPitis
221 539 394 589 descripsit
410 547 469 576 Τῶν
495 542 514 587 5
531 541 738 586 οἱποφνγόνἿων
756 537 932 584 βαςέάςων.

48 606 49 609 ’
131 596 276 635 549,4Ζ.
301 591 382 626 &mu
398 589 523 638 Ξέρξῃ]
546 588 696 637 Cespitat
712 584 932 629 construetio,

79 646 190 683 neque
207 638 277 673 ullo
298 651 423 688 genere
439 639 574 674 tolerari
591 638 703 686 potest
719 637 773 671 ille
788 633 931 669 infiniti-

80 695 162 727 VUSi
180 685 216 720 &
233 700 333 735 quam
352 687 535 724 commode
550 686 657 722 exstat
675 688 709 720 in
725 685 805 720 MS.
823 681 908 718 eim?

134 744 214 780 550,
228 747 281 782 14.
313 743 435 784 Πεςσιςὶ
448 739 504 783 μὲν
521 736 626 779 wida),
647 734 722 776 καῖᾳῖ
738 734 756 780 5
774 732 827 769 viu)
844 733 930 771 ΕΜ·

81 796 132 817 νων
157 790 301 828 γλῶαςαν
318 810 329 828 ,
355 784 506 832 τέλειον]
539 784 722 832 Tanquam
747 792 832 817 tunc
855 792 933 815 vere

81 831 271 868 exhilarans
293 833 387 869 suum
414 835 555 882 genium
579 830 808 880 primoresque
830 830 933 873 aulae,

81 888 122 913 ut
145 892 215 915 non
239 881 394 917 dubitem
427 884 495 918 hoc
520 881 694 917 Perficum
727 890 934 927 componere

81 930 344 966 cumRomanae
359 930 609 967 consuetudinis
625 931 713 965 inter
729 938 888 978 patronos
898 927 934 961 &

81 975 223 1013 clientes
238 992 339 1015 coena
353 980 443 1015 rasta
460 979 496 1014 ὃς
512 979 660 1027 sportula
677 1003 688 1024 ,
715 989 820 1026 quum
837 988 936 1011 coena

83 1025 175 1060 redta
190 1040 260 1062 non
276 1028 339 1063 alia
355 1028 395 1063 fit
412 1054 425 1073 ,
451 1041 551 1077 quam
568 1029 676 1068 πλείη.
727 1025 793 1062 Sed
809 1035 848 1060 ut
865 1026 934 1060 evi-

83 1073 183 1110 lescat
200 1076 398 1113 Herodotus
413 1101 425 1122 ,
450 1077 532 1125 quid
548 1089 617 1112 non
631 1077 791 1112 sustinent
806 1074 936 1122 profer-

85 1134 122 1157 re
136 1123 198 1159 viri
226 1124 373 1175 insignes
389 1125 402 1160 ?
429 1126 581 1174 Scaliger
597 1126 632 1160 in
647 1125 734 1160 libro
751 1124 855 1159 tertio
869 1122 937 1156 Ca-

85 1183 217 1208 nonum
227 1174 360 1223 Isagog.
374 1187 417 1210 ex
434 1175 548 1210 Ctefia
563 1174 668 1210 habet
683 1174 717 1208 in
733 1173 850 1219 lingua
859 1171 938 1204 Per-

86 1219 154 1255 fica
175 1222 263 1264 τυκῶὲ
286 1247 299 1266 ,
330 1223 432 1271 idque
456 1223 589 1259 Perfice
615 1223 700 1258 nihil
723 1220 813 1255 aliud
838 1231 939 1266 quam

85 1269 223 1305 thronus.
267 1271 440 1318 Johannes
458 1273 591 1307 Fronto
616 1271 658 1306 de
680 1270 798 1305 diebus
815 1268 940 1303 festivis

86 1317 235 1354 Arabice
261 1321 424 1356 didicerat
449 1319 511 1355 Tne
535 1319 725 1369 significare
760 1329 940 1365 torquem,

86 1365 288 1403 felicitatem
305 1369 374 1404 &c.
407 1370 500 1404 Mox
517 1369 637 1415 adjicit
655 1369 690 1403 &
709 1366 797 1414 Tucf.
829 1367 942 1402 Erunt

88 1413 208 1450 fimilia
226 1418 332 1452 multa
349 1430 425 1465 quae
443 1430 487 1453 ex
505 1413 626 1453 vicinis
642 1418 767 1465 linguis
783 1415 824 1451 ad
842 1416 942 1464 igno-

88 1472 158 1498 tam
175 1465 342 1501 Persicam
360 1466 501 1515 pedibus
520 1467 609 1503 trahi
625 1468 771 1514 poliunt.
821 1463 885 1498 Sed
901 1476 943 1498 an

87 1523 160 1546 non
181 1513 258 1549 haec
284 1514 416 1551 lascivia
438 1515 518 1550 est?
552 1514 778 1550 Morofiffima
804 1512 942 1560 quidem

89 1562 296 1598 truculentia
311 1564 411 1599 Isaaci
435 1563 543 1599 Voflii
558 1588 571 1607 ,
602 1575 668 1610 qua
683 1561 811 1609 scripsit
830 1562 944 1596 Hero—

88 1609 212 1645 dotum
238 1613 395 1660 ignarum
421 1611 549 1659 linguae
567 1610 709 1646 Perficae
735 1612 771 1644 δ’(
792 1610 891 1645 nullis
906 1623 944 1644 o-

90 1658 206 1693 rientis
214 1661 371 1708 gentium
388 1659 590 1696 instruetum
605 1659 944 1707 monumentis,quid

89 1706 152 1741 nifi
177 1706 292 1744 servile
317 1709 500 1758 capistrum
525 1709 702 1745 meretur?
736 1707 839 1743 Unde
854 1708 945 1743 enim

92 1756 216 1804 probat
242 1758 318 1793 haec
337 1757 351 1793 ?
375 1759 431 1794 An
446 1759 480 1793 in
496 1758 666 1808 orosangis
691 1757 857 1793 aberravit
871 1758 946 1792 He-

92 1805 258 1842 rodotus?
282 1819 324 1842 an
341 1807 375 1842 in
392 1808 536 1855 angariis
553 1808 699 1842 ostendit
716 1819 778 1841 nec
795 1807 947 1855 linguam

91 1854 262 1892 Persicam
279 1868 343 1891 nee
359 1856 595 1893 institutorum
611 1856 888 1892 consuetudinem
906 1853 947 1890 sl-

92 1901 127 1938 bi
145 1907 321 1953 cognitam
339 1905 434 1941 fuisse
450 1905 464 1940 ?
498 1906 600 1941 Num
617 1907 651 1940 in
670 1905 829 1953 Satrapiis
845 1904 859 1939 ?
891 1914 950 1939 aut

91 1952 165 1988 aliis
188 1955 334 2003 denique
359 1954 534 1990 vocibus?
558 1956 607 1990 Et
631 1953 720 1990 unde
746 1967 784 1989 ea
809 1953 949 1988 facultas

95 2001 216 2037 Vossio
226 2029 238 2048 ,
254 2014 294 2039 ut
309 2003 366 2039 ille
375 2004 596 2039 Herodotum
612 2004 647 2038 in
663 2004 728 2038 tale
743 2004 873 2038 crimen
887 2014 949 2037 vo-

86 2050 165 2085 cet?
175 2053 240 2087 Sed
249 2053 305 2089 ille
313 2051 454 2089 nescivit
470 2052 780 2098 erubescere.Q1id
792 2050 898 2087 enim?
907 2064 949 2086 an

92 2099 254 2138 alterutra
268 2115 310 2137 ex
326 2100 424 2137 dietis
438 2101 570 2150 superat
580 2100 836 2136 Herodoteam?
862 2100 947 2135 Cer-

92 2157 130 2184 te
146 2162 237 2196 non,
265 2151 288 2186 fi
306 2152 379 2200 quis
396 2151 443 2185 ita
458 2149 668 2194 confideret,
685 2160 724 2185 ut
742 2149 845 2184 modo
863 2148 947 2194 dixi,

91 2200 188 2247 quod
206 2210 365 2236 neutrum
383 2213 425 2236 ex
442 2200 494 2236 his
510 2200 618 2235 tribus
633 2199 746 2234 fecisse
764 2199 897 2246 opinor.

143 2259 225 2295 550,
248 2261 300 2296 ¹5-
335 2251 403 2285 le*
418 2249 569 2292 κεφαλῑα)
585 2249 736 2296 σμᾶται]
774 2249 948 2282 Memorat

93 2297 163 2333 hoc
173 2300 373 2335 convivium
382 2299 566 2335 Briss'onius
585 2296 642 2332 lib.
659 2310 668 2330 1
691 2297 732 2332 de
749 2309 842 2346 regn.
861 2295 946 2331 Pers.

93 2353 240 2396 pag.65,
256 2358 421 2396 notatque
439 2360 480 2383 eo
494 2346 694 2394 dieRegem
711 2357 814 2394 caput
830 2357 945 2379 come—

94 2404 149 2439 re,
175 2409 321 2445 purgare
338 2397 373 2432 δὲ
390 2396 550 2431 mundare
566 2395 634 2430 &c.
663 2395 777 2429 Plures
792 2394 867 2437 alii,
892 2393 946 2430 sed

95 2446 154 2491 qui
170 2445 255 2480 nihil
272 2447 444 2494 explicant
461 2447 639 2481 Graecum.
672 2444 805 2479 Verum
824 2441 946 2478 doetis-

94 2493 178 2528 sime
186 2493 403 2529 Casaubonus
412 2493 452 2528 ad
461 2494 669 2529 Atlienaeum
682 2506 717 2539 4,
732 2505 741 2527 1
753 2506 772 2527 0
789 2491 947 2539 inspexit,

96 2541 134 2577 δί
156 2542 233 2590 post
258 2555 337 2578 eum
359 2543 610 2577 Freinshemius
635 2542 675 2576 ad
693 2541 854 2576 Curtium
873 2539 905 2579 8,
923 2554 946 2582 9

96 2593 320 2639 interpretans
338 2599 410 2625 tunc
424 2591 526 2638 fidum
543 2604 597 2625 rex
614 2599 704 2636 caput
722 2603 788 2625 cum
803 2600 877 2624 cura
891 2590 946 2622 ab-

95 2643 213 2685 luitur,
241 2641 332 2685 (hoc
350 2640 403 2674 alii
431 2636 652 2675 adferunt'ex
671 2638 869 2680 Loccenio)
895 2649 946 2672 re-

92 2690 187 2738 jecto
198 2689 297 2725 Valla
314 2689 349 2723 ὅ(
366 2688 638 2737 Dalechampio,
665 2690 722 2736 qui
740 2687 947 2723 reddiderint

95 2743 243 2784 κοσμεῖται
271 2746 425 2782 ornatur,
458 2751 527 2786 quo
554 2736 663 2772 forsan
687 2738 789 2772 etiam
813 2735 948 2784 respicit

97 2788 289 2836 Stephanus
304 2812 315 2831 ,
340 2786 422 2821 dum
440 2796 538 2822 notat
550 2786 686 2822 Vallum
705 2785 811 2821 videri
829 2785 946 2832 sequu—

96 2847 173 2872 tum
191 2837 254 2871 ess'e
272 2834 434 2871 diversam
450 2835 470 2870 a
484 2835 597 2870 nostra
611 2834 802 2871 leEtionem.
838 2834 947 2869 Deni-

98 2898 164 2935 que
181 2885 356 2920 cumulum
374 2885 426 2919 his
450 2884 627 2932 imponens
653 2896 712 2933 per
730 2884 867 2918 Graecae
885 2882 947 2916 lin-

97 2946 177 2983 guoe
193 2935 333 2969 nimiam
351 2933 509 2968 notitiam
525 2933 654 2969 Ezech.
675 2931 898 2981 Spanhemius
915 2931 948 2964 in

99 2982 207 3018 denfis
231 2983 295 3017 illis
319 2980 608 3018 observationibus
633 2981 675 3016 ad
699 2979 947 3015 Callimachum

98 3043 178 3080 pag.
195 3034 274 3077 564,
291 3043 397 3079 quum
414 3030 544 3065 nullum
557 3028 637 3065 sciat
653 3030 803 3078 proferre
818 3029 950 3071 locum,

99 3080 162 3115 nifi
184 3079 241 3127 qui
265 3079 307 3115 ab
327 3078 527 3114 Casaubono
551 3077 783 3127 suppeditatur
800 3090 842 3112 ex
860 3077 949 3112 Dio-

98 3129 186 3164 doro
202 3152 214 3172 ,
239 3136 354 3163 tamen
369 3127 405 3162 &c
423 3127 659 3163 casaubonum
681 3125 812 3176 sugillat
831 3125 866 3160 ἃ
883 3124 950 3173 ipse

101 3177 205 3214 nescit
222 3199 236 3221 ,
259 3186 375 3214 utrum
392 3176 476 3213 velit
494 3176 646 3223 defiicare
663 3188 706 3212 an
730 3176 878 3223 detergere
896 3174 951 3210 seu

983 538 1082 572 ximis
1099 537 1278 573 sordibus:
1309 538 1384 574 Cur
1405 551 1518 575 autem
1543 542 1693 587 defricare
1716 547 1832 591 potius

984 597 1084 632 quam
1108 586 1257 632 infricare
1273 612 1284 631 ,
1310 587 1402 635 quod
1425 589 1574 638 elegerat
1591 590 1781 638 Stephanus
1796 595 1834 628 in

984 633 1180 669 Thesauro?
1206 637 1363 671 Omnino
1378 638 1563 684 prudenter
1576 639 1765 676 existimem
1783 644 1833 678 fe-

986 683 1063 717 cisst:
1076 684 1206 719 Vallam
1217 710 1229 728 ‚
1255 684 1336 720 dum
1352 687 1455 720 vertit
1471 699 1579 722 ornare
1590 713 1601 732 ,
1628 693 1742 734 «Χυικῶς
1757 703 1833 726 ver«

986 731 1031 766 bo
1056 733 1120 767 isto
1144 733 1256 780 posito
1276 758 1288 777 ,
1313 734 1361 768 ita
1385 744 1423 769 ut
1448 736 1483 769 in
1508 748 1577 783 quo
1596 738 1732 785 proprie
1750 751 1834 775 con-

986 779 1112 816 sisteret
1134 781 1217 817 illud
1239 787 1317 828 σμᾷν
1334 809 1343 822 ,
1371 795 1440 817 non
1461 787 1568 832 perite
1591 785 1665 821 satis
1686 784 1834 836 asseque-

986 839 1078 865 retur
1093 845 1106 872 3
1140 840 1244 879 prout
1269 843 1387 865 ornare
1412 832 1452 866 ad
1472 843 1574 880 caput
1593 834 1627 869 ὃ(
1644 835 1782 882 capillos
1799 838 1836 872 &C

986 879 1255 928 qualemcunque
1274 892 1392 915 eorum
1411 892 1526 916 curam
1554 884 1588 916 in
1606 883 1722 931 lingua
1738 885 1835 921 Lati-

988 940 1028 962 na
1052 929 1200 976 pertinet
1218 953 1229 972 ,
1256 928 1291 962 8<
1310 930 1493 964 ornatrices
1518 930 1655 965 femin-„e
1680 934 1774 968 omni
1799 935 1837 970 &z

987 976 1201 1012 diversiffima
1216 989 1295 1012 cura
1312 977 1497 1025 poliebant.
1546 979 1661 1015 Habes
1686 979 1721 1015 &
1736 994 1772 1028 4,
1788 995 1833 1031 73

989 1025 1030 1060 de
1053 1026 1190 1075 Scythis
1206 1052 1217 1070 ,
1250 1027 1308 1074 qui
1331 1026 1402 1061 suos
1431 1027 1683 1064 humaverunt:
1717 1033 1839 1076 σμησά-

989 1073 1069 1120 μιῗυοι
1086 1077 1140 1111 τοὶς
1156 1075 1300 1116 κεφαλάς
1322 1080 1346 1125 »ὲ
1366 1075 1603 1121 ἆιιπλυνοῖμευοι.
1656 1089 1689 1122 2,
1710 1088 1753 1125 37
1778 1081 1838 1116 Sass

991 1123 1144 1159 cerdotes
1162 1124 1324 1172 AEgyptii
1346 1127 1385 1159 ἀι
1409 1130 1551 1171 χαλκέων
1579 1127 1720 1167 ποἾηρλων
1741 1132 1840 1164 πίνεσι

993 1172 1190 1217 Ἇζὲσμέωνᾙς
1206 1176 1264 1207 ὠναὶ
1287 1178 1389 1207 πᾶσαν
1411 1177 1519 1220 ἡμέραν
1537 1198 1549 1217 ‚
1574 1175 1633 1210 ubi
1659 1176 1769 1212 reddit
1785 1191 1839 1212 exv

991 1228 1137 1266 tergentes
1153 1244 1166 1264 ,
1197 1220 1287 1255 unde
1312 1231 1406 1268 patet
1432 1221 1540 1257 Vallae
1562 1221 1635 1259 satis
1658 1226 1839 1273 cognitum

991 1268 1087 1303 fuisse
1103 1268 1256 1304 verbum.

1042 1328 1123 1364 550,
1143 1322 1198 1352 16.
1231 1317 1284 1355 Καὶ
1307 1321 1431 1365 Πέρσαις
1452 1318 1628 1365 δωρέεται]
1666 1321 1747 1357 MS.
1764 1329 1842 1371 Πέρ-

992 1381 1058 1404 σαλῖ-

1047 1426 1191 1461 550949.
1219 1413 1298 1450 Οὸτε
1316 1415 1410 1462 &mim
1429 1416 1471 1450 ’ἔτι
1487 1421 1602 1451 πλεῦνα
1618 1416 1728 1465 zelun]
1762 1421 1843 1456 MS.

993 1463 1130 1511 ignorat
1145 1463 1302 1498 voculam
1320 1466 1375 1499 ἔτι.
1409 1464 1461 1498 Ita
1477 1476 1552 1498 eam
1569 1477 1713 1510 vocem,
1739 1470 1843 1505 etiam

993 1512 1053 1546 ubi
1087 1511 1311 1546 commodum
1345 1511 1481 1546 videtur
1513 1524 1680 1560 occupare
1705 1515 1820 1553 locum
1831 1543 1844 1563 ,

995 1560 1194 1595 Herodotus
1210 1560 1381 1595 interdum
1398 1560 1516 1595 maluit
1531 1561 1702 1596 omittere.

1044 1620 1198 1655 551,42.
1233 1609 1280 1644 τοὶ
1294 1611 1333 1643 ’mc
1356 1613 1381 1644 ’τῖ’
1403 1613 1554 1656 γεφυρέων
1570 1610 1692 1657 ὅπλα]
1728 1611 1845 1651 Nimis

996 1656 1195 1706 fimpliciter
1210 1659 1313 1692 vertit
1328 1657 1532 1692 Laurentius
1557 1658 1594 1692 ὃ(
1611 1671 1701 1694 nunc
1718 1660 1754 1694 &
1770 1675 1844 1711 cap.

1001 1718 1067 1741 120
1090 1719 1180 1741 arma
1204 1706 1219 1739 ὲ
1238 1706 1380 1751 pontibus
1394 1730 1406 1749 ,
1431 1706 1522 1754 quasi
1545 1706 1790 1746 dememinissct
1807 1724 1844 1757 7,

999 1766 1038 1800 25
1058 1756 1142 1791 ἕπλοι
1159 1761 1185 1791 ἐς
1201 1755 1256 1792 τοίς
1274 1755 1414 1802 γεφόςας
1426 1779 1438 1798 ,
1456 1755 1514 1790 ubi
1530 1755 1618 1790 dixit
1632 1767 1843 1803 armaturam,

996 1803 1052 1838 sed
1067 1804 1247 1839 declaravit
1258 1804 1468 1852 Stephanus,
1482 1814 1585 1853 prout
1601 1817 1692 1841 nunc
1708 1818 1844 1857 quoque

998 1852 1072 1887 fieri
1087 1853 1251 1901 oportuit.

1051 1912 1129 1947 552,
1148 1904 1178 1935 8.
1210 1905 1273 1937 E'7rl
1298 1903 1363 1948 yla-7
1384 1903 1446 1937 clu>
1470 1901 1728 1951 ςξαἿόδίμενΘ-κ]
1765 1906 1844 1943 MS.

1001 1951 1267 1998 5goelaessscdyev&,
1285 1952 1319 1985 in
1335 1963 1403 1998 quo
1420 1951 1542 1986 residet
1557 1953 1666 1987 omnis
1683 1955 1845 1992 venustas.

1049 2011 1132 2046 552,
1150 2001 1204 2034 28.
1238 2000 1446 2045 Α’ποιγοὶγοιεν
1481 2005 1574 2041 σφέας
1601 2003 1732 2049 ὀπίσω]
1765 2005 1848 2040 MS,

1000 2050 1174 2095 οἱπάγοιεν,
1199 2049 1290 2096 quod
1307 2049 1408 2097 longe
1426 2050 1682 2085 convenientius
1697 2051 1765 2096 est,
1792 2054 1847 2089 vel

1000 2100 1108 2147 magis
1122 2098 1337 2133 ncceffarium
1349 2122 1361 2140 ,
1387 2109 1490 2146 quum
1508 2098 1645 2145 vulgata
1662 2098 1761 2134 leffio
1778 2100 1848 2138 fere

998 2146 1164 2195 supponat
1178 2147 1294 2195 idjam
1312 2144 1438 2181 fafitum
1454 2146 1518 2180 effe
1533 2171 1544 2190 ,
1570 2157 1607 2180 ut
1623 2159 1696 2194 cap.
1712 2160 1722 2183 1
1736 2160 1747 2183 ι
1760 2160 1788 2197 3.

1050 2209 1129 2242 552,
1150 2207 1202 2242 32.
1240 2199 1332 2239 Α’μφὶ
1354 2197 1374 2228 ’ἳ-
1391 2193 1604 2242 Α’ρταᾶκῖεοι.]
1639 2196 1768 2232 Harum
1785 2212 1846 2235 νο->

998 2259 1078 2282 cum
1103 2245 1192 2280 nulla
1217 2244 1325 2279 exstat
1348 2245 1383 2278 in
1409 2245 1488 2280 MS.
1505 2253 1545 2278 ut
1570 2254 1681 2291 pateat
1700 2246 1845 2294 aliquem

1000 2296 1044 2331 fic
1060 2293 1255 2330 infuscando
1270 2292 1410 2327 voluisse
1420 2292 1545 2341 jastare
1560 2291 1759 2329 dominam.
1786 2298 1845 2333 Sa-

998 2347 1040 2380 tis
1057 2345 1104 2380 est
1123 2342 1214 2391 quod
1232 2343 1286 2376 illa
1301 2340 1481 2388 descriptio
1499 2341 1609 2376 adhuc
1626 2340 1789 2388 sequatur.

1048 2406 1127 2440 552,
1143 2394 1199 2438 48.
1223 2393 1311 2436 Υπὲρ
1332 2391 1421 2437 Atye}
1440 2390 1596 2436 ποῖμμὲ]
1629 2390 1678 2425 At
1696 2392 1773 2431 Mb„
1791 2411 1846 2430 πο-

997 2448 1113 2490 ταμῶν.
1138 2440 1250 2477 Recte
1265 2440 1407 2487 prorsus.

1047 2503 1173 2538 553,9.
1202 2489 1312 2535 Γχθύες
1329 2488 1500 2534 mimine]
1529 2486 1641 2523 Rec‘te
1658 2514 1669 2532 ,
1692 2488 1745 2524 sed
1764 2503 1845 2538 qua-

997 2539 1244 2589 drisyllabicum
1261 2538 1407 2585 porrigit
1423 2538 1572 2584 optimus
1590 2537 1666 2570 MS.
1678 2539 1825 2575 νεοάΛωῘω
1836 2566 1847 2584 ,

998 2602 1066 2639 quo
1089 2588 1208 2623 clarius
1233 2586 1436 2634 exprimitur
1458 2587 1506 2620 vis
1528 2586 1599 2633 ejus
1614 2608 1626 2628 ,
1658 2596 1695 2621 ut
1720 2593 1847 2636 νεοαρδέ’

996 2638 1106 2674 himba>
1131 2636 1249 2672 maluit
1273 2634 1386 2670 dicere
1402 2634 1572 2669 Homerus
1587 2659 1598 2677 ,
1625 2633 1679 2669 ahi
1703 2645 1845 2683 νεοεξφὲς.

998 2689 1046 2723 Et
1065 2686 1138 2722 sunt
1154 2685 1249 2733 plura
1262 2684 1350 2719 talia.

1051 2747 1130 2782 553,
1151 2746 1204 2775 17.
1240 2733 1358 2767 Α”ποινοί
1383 2739 1408 2766 οῖ
1432 2731 1508 2766 τάδε
1541 2732 1632 2767 ἐθέλω
1666 2733 1842 2782 ἔῖἓηθέῖνοα]

998 2785 1114 2830 Qiam
1140 2782 1198 2817 sub
1224 2781 1357 2817 scelesta
1382 2780 1488 2828 specie
1513 2790 1707 2817 averterunt
1732 2782 1844 2831 limpi-

998 2826 1075 2869 dam
1099 2832 1190 2867 illam
1215 2832 1464 2879 Hippocrenen
1481 2841 1595 2863 manus
1612 2830 1844 2876 Herodoteae,

998 2893 1037 2918 ut
1054 2883 1125 2927 eius
1142 2879 1297 2927 Calliope
1314 2889 1477 2913 aeternum
1507 2877 1636 2912 doleret
1654 2877 1665 2911 ?
1689 2878 1792 2914 Unde
1809 2893 1843 2914 e-

1000 2926 1077 2967 nim*
1088 2931 1156 2964 hoc
1173 2954 1183 2972 ‚
1209 2940 1314 2976 quum
1338 2938 1370 2971 1,
1386 2932 1429 2969 96
1447 2926 1622 2974 usurpetur
1638 2928 1845 2970 ἑπιθὲμειρνῗ

1001 2980 1036 3014 &
1052 2979 1188 3027 quidem
1206 2978 1274 3012 fine
1291 2977 1392 3011 tertio
1408 2975 1481 3010 casu
1500 2975 1511 3008 ?
1537 2975 1666 3009 Saecula
1683 2975 1761 3010 licet
1773 2978 1842 3024 jam

1001 3027 1237 3064 adstrinxerint
1253 3026 1344 3060 hunc
1370 3025 1484 3059 locum
1510 3024 1561 3057 his
1577 3023 1724 3058 sordibus·
1740 3049 1752 3066 ‚
1777 3038 1846 3060 non

1001 3075 1164 3112 dubitabo
1174 3085 1288 3110 tamen
1304 3073 1475 3122 publicare
1490 3072 1556 3120 legi
1574 3073 1606 3105 in
1621 3072 1754 3119 optimo
1765 3074 1844 3108 MS,

1002 3127 1166 3172 ἐπαχθῆναι.
1176 3123 1282 3170 Quod
1316 3124 1370 3158 uia
1380 3134 1448 3156 non
1459 3119 1721 3167 intelligebatur,
1729 3120 1846 3157 debuit

1001 3174 1125 3224 expelli
1143 3197 1155 3217 ,
1181 3184 1286 3220 quum
1315 3172 1439 3206 ciamus
1458 3180 1569 3205 tamen
1587 3167 1666 3203 illud
1682 3173 1846 3253 ὲφίιιαμοα(ξ

1809 3229 1845 3252 ,3
