2112 3621
219 233 300 288 933
542 225 563 279 J
597 222 629 262 Α
660 220 710 261 C.

786 204 1287 259 GRONOVII

1366 203 1411 246 N
1442 202 1485 244 Ο
1516 202 1645 251 TJAE

221 291 353 344 scripsit
368 293 409 328 ad
426 289 678 326 Callimachum
695 297 772 334 pag.
786 294 864 331 104,
882 281 970 317 unde
988 281 1075 315 inter
1126 282 1206 322 ptus
1223 271 1259 305 ἓξ
1277 270 1448 320 gratulans
1470 269 1530 306 sibi
1556 268 1693 304 sustinet
1720 267 1893 317 publicare
1921 267 1983 314 [St

224 358 299 382 mea
308 343 368 378 ista
377 342 412 375 &
420 340 519 375 altera
532 338 618 373 illius
626 335 668 371 de
681 334 842 370 Africano
851 334 929 367 loco
938 329 1076 365 arbitra-

1130 325 1263 370 legatur
1280 346 1291 364 ,
1318 332 1394 355 nem
1423 332 1442 355 e
1456 320 1491 354 in
1509 318 1694 355 Herodoto
1710 344 1721 362 ‚
1747 325 1772 352 οἱ
1789 316 1862 363 (msa)
1879 317 1912 351 τὲ
1929 321 1984 353 &¹2-

224 397 252 430 ri
262 394 360 429 licet:
389 399 482 425 certe
500 386 678 422 imbecillis
695 383 853 432 probatio
869 380 936 424 est,
961 389 1078 414 utrum
1131 379 1214 417 e&‚
1239 368 1366 423 sublata
1405 370 1491 404 uerit
1511 368 1621 403 omnis
1645 365 1848 412 difficultas]
1879 377 1986 414 quum

227 445 262 477 in
278 438 493 476 Callimacho
516 435 613 471 scribi
638 433 758 468 debeat
780 435 887 479 Α’ζιλις
904 456 912 469 ,
940 440 981 464 an
999 438 1080 462 vero
1133 419 1270 467 vulgata
1296 430 1332 452 ln
1351 417 1533 453 Herodoto
1551 416 1588 451 &
1614 417 1755 464 Scylace
1780 414 1906 450 nullam
1927 415 1986 449 ha-

229 491 364 539 A’Zaaw,
389 500 431 523 ex
449 487 496 522 H.
514 483 677 532 Stephani
694 481 845 517 editione
863 479 898 515 ὃς
915 477 1084 525 postrema

228 538 397 580 Parifin23
425 535 461 570 δί
476 545 587 570 tantos
605 531 868 567 commentarios
885 527 1026 562 scribere
1044 537 1085 560 ne

229 589 301 625 ullo
322 587 459 636 quidem
474 584 580 619 MSto
600 579 770 629 inspeffto,
782 590 887 627 quum
907 586 1086 622 tantopere

231 651 292 690 per
308 638 482 683 Europam
498 641 638 680 vagatus
654 629 767 664 fuerit.
1064 672 1070 678 ι

280 691 430 732 276,43.
456 679 628 726 Λ’σζυ’ςια.]
663 677 758 724 Justa
777 674 959 725 appellatio
976 681 1088 726 gentis

233 736 408 773 Africanae
423 759 434 777 ‚
461 742 538 780 quae
558 729 675 777 nequit
698 739 741 761 ex
757 725 856 761 censu
874 724 960 758 illius
975 733 1087 769 regio-

233 787 285 821 nis
302 781 477 832 expungi,
503 791 609 827 quum
625 786 679 812 tot
695 775 887 810 testimonia
905 771 1088 818 antiquita—

234 835 278 871 tis
295 845 369 868 eam
391 827 583 880 agnoscant.
618 827 750 862 Vemm
767 831 940 871 nequeunt
955 819 1003 855 illi
1019 818 1087 873 huc

234 882 406 933 pertinere
421 905 434 925 ,
468 877 493 913 fi
517 886 673 912 accurate
697 875 770 924 egit
797 869 1028 908 Callimachus
1053 879 1087 921 m

233 933 430 981 fragmento
438 953 450 973 ,
459 926 551 976 quod
560 927 643 961 citat
654 924 844 973 Stephanus
853 923 889 956 in
898 920 966 955 hoc
975 917 1088 972 ethni-

237 994 303 1025 CO,
328 979 386 1015 ubi
403 985 505 1014 vocat
523 976 709 1010 Tritonem
728 971 906 1020 Asbystam
924 994 935 1013 ‚
964 979 1022 1020 qui
1039 977 1089 999 ni-

237 1031 348 1066 mium
364 1028 446 1062 hinc
462 1032 612 1060 remotus
627 1022 684 1056 est.
718 1022 784 1056 Sed
803 1017 915 1068 potest
930 1014 1091 1050 Canum-

238 1080 324 1116 chus
341 1075 480 1125 poetica
503 1071 750 1121 propagatione
767 1070 818 1104 uti
833 1064 983 1120 voluisse.
1025 1061 1091 1099 Sed

237 1127 274 1162 &
291 1123 477 1173 Dionysius
502 1124 538 1156 in
561 1118 730 1169 Periegcsi
754 1118 790 1153 &
814 1115 1011 1152 Eustathius
1027 1124 1090 1160 po-

238 1185 327 1213 nunt
344 1187 402 1210 eos
426 1171 524 1219 super
539 1170 699 1219 Cyrenen
713 1194 725 1213 ‚
749 1177 790 1203 ut
812 1166 891 1201 inde
916 1165 1017 1199 liceat
1033 1161 1091 1196 de·

241 1236 378 1261 cernere
393 1222 435 1258 de
451 1219 666 1256 Callimacho
683 1242 694 1260 ‚
721 1216 758 1251 δί
774 1217 866 1265 prius
883 1224 1001 1250 verum
1018 1209 1092 1265 esse.

240 1274 348 1310 Certe
379 1268 545 1320 quidquid
570 1268 617 1302 est
633 1293 645 1311 ‚
678 1265 752 1301 satis
784 1266 819 1300 in
850 1263 880 1299 se
913 1257 1095 1314 acquiescit

242 1321 439 1359 membrana
463 1316 624 1354 Medicea
646 1313 858 1350 adminiculis
891 1313 1095 1357 incorruptis

241 1372 347 1415 fulta,
373 1381 449 1418 quae
466 1378 556 1402 nunc
573 1363 714 1400 exhibet
733 1363 850 1399 A'o-u'vlou
863 1389 873 1402 ‚
891 1360 993 1409 idque
1011 1369 1095 1394 mox

243 1420 389 1469 repetit,
416 1417 502 1452 ficut
516 1415 618 1448 etiam
642 1412 790 1447 Α’συνΊὲων.
1090 1454 1097 1465 ἱ

293 1468 437 1504 Ibidem.
474 1461 565 1498 Οῧτοι
584 1462 615 1495 w*
632 1463 724 1505 (σω-ἒς
745 1459 840 1505 Κυξ]
876 1455 1044 1491 Particula
1065 1470 1097 1488 το

245 1530 316 1553 non
339 1516 464 1563 legitur
492 1513 528 1545 in
561 1510 642 1544 MS.
672 1520 735 1542 nec
763 1517 842 1556 eget
866 1517 904 1540 ea
935 1503 1098 1539 Herodo-

246 1577 310 1603 tus.
337 1564 373 1598 ὅ(
389 1563 451 1597 alia
465 1560 513 1595 est
529 1559 615 1593 ratio
631 1582 643 1601 ,
671 1569 778 1605 quum
800 1556 927 1591 dicitur
944 1553 1052 1600 ’έχονἹοα
1069 1552 1101 1587 ‘to‘

247 1616 327 1658 rgo-0³5
344 1617 471 1659 ἑωτὲςης.
672 1654 675 1657 Ι
1027 1651 1033 1657 ·

299 1672 384 1709 277,
402 1673 434 1702 9.
462 1662 507 1696 εἰς
527 1653 691 1702 myxum]
719 1655 777 1690 Sic
794 1665 900 1701 quum
926 1650 1102 1701 perspicue

247 1714 398 1761 legerem
415 1710 450 1744 in
468 1706 588 1743 codice
604 1705 769 1740 Mediceo
782 1728 793 1747 ‚
819 1714 949 1738 novum
967 1700 1049 1736 fidei
1067 1713 1102 1735 e-

250 1764 301 1810 jus
326 1759 497 1808 specimen
521 1752 681 1802 ample&i
707 1765 777 1788 non
802 1751 980 1787 cunCtatus
1011 1748 1104 1794 sum,

245 1806 375 1859 ¹utpote
390 1805 616 1843 conveniente
638 1802 769 1851 prorsus
784 1800 948 1849 scriptura
963 1825 976 1844 ,
1001 1811 1104 1847 quam

206 1866 207 1869 ’
251 1860 356 1897 habet
391 1855 581 1904 Stephanus
594 1879 606 1897 ‚
632 1851 694 1887 etsi
727 1850 900 1886 auetorem
931 1848 1105 1898 proferens

252 1905 530 1957 Apollodorum33
558 1901 594 1936 &
612 1899 745 1938 Voffius
760 1901 795 1935 in
811 1900 901 1934 notis
915 1898 957 1933 ad
974 1897 1105 1933 Melam

252 1970 332 2008 pag.
349 1966 395 2002 45
413 1952 589 1989 frustratur
614 1962 653 1985 ac
678 1949 766 1984 ludit
791 1960 852 1996 per
878 1947 1106 1996 ignorantiam

254 2005 438 2056 projiciens
455 1999 561 2037 modo
577 2001 695 2046 Augila
712 1999 904 2044 velAEgila,
930 1995 1037 2031 modo
1047 1997 1106 2030 Li·

253 2058 303 2091 bri
318 2050 437 2099 'aliquot
448 2052 610 2086 Ptolemaei·
628 2051 728 2095 legunt
745 2047 798 2081 hoc
816 2049 875 2082 loco
895 2043 1035 2090 Αὔγιλα,
1061 2046 1109 2079 uti

257 2103 442 2141 fflrodotus.
470 2100 523 2134 Ita
538 2108 722 2144 utrumque
731 2096 894 2144 parietem
904 2095 993 2137 linit,
1001 2106 1108 2142 quum

258 2153 355 2189 nobis
370 2147 616 2184 bibliothecam
631 2148 701 2194 ejus
717 2143 1038 2193 recognoscentibus
1052 2155 1110 2177 ne-

258 2210 426 2251 quaquam
452 2198 599 2244 patuerit
624 2194 665 2230 ab
690 2206 731 2228 eo
757 2191 922 2240 inspestos
941 2192 1035 2227 fuisse
1050 2191 1109 2226 ali-

260 2260 348 2300 quot
362 2247 466 2283 libros
478 2244 665 2280 Ptolemaei.
691 2243 794 2278 Licet
808 2255 899 2277 nunc
915 2241 1013 2276 nobis
1027 2253 1111 2277 con-

257 2299 393 2336 cludere
420 2297 540 2341 Αἴγιλοο
566 2306 635 2328 non
653 2291 717 2327 esse
743 2291 803 2326 nisi
830 2301 887 2326 aut
910 2289 1011 2339 ipsius
1033 2290 1111 2325 scri-

257 2359 372 2399 pturae
388 2345 513 2381 vitium
528 2368 540 2387 ‚
565 2352 622 2378 aut
640 2353 733 2377 error
750 2339 923 2383 leffionis,
949 2352 1055 2386 quum
1072 2338 1112 2374 il-

260 2400 292 2435 la
316 2407 356 2432 Au
382 2394 419 2429 δεῖ
446 2403 478 2429 Aa
503 2393 539 2427 in
563 2391 708 2439 antiquis
732 2389 825 2424 libris
850 2388 947 2423 valde
969 2387 1029 2423 fibi
1050 2387 1114 2426 fint

262 2442 461 2483 consimilia.

309 2493 456 2530 Ibidem.
475 2489 680 2531 σπωμεῧνἾες
694 2487 746 2525 w&
756 2486 920 2533 Φοίνικας]
931 2485 1020 2520 Haec
1035 2497 1116 2533 pro-

262 2543 365 2595 positi
391 2552 510 2576 eorum
543 2537 725 2585 descriptio
741 2562 752 2581 ,
786 2535 846 2570 nisi
872 2534 997 2578 failor,
1024 2533 1117 2582 quod

264 2591 415 2629 consistit
440 2589 476 2623 in
502 2587 663 2635 cogendis
687 2584 877 2629 frue'tibus,
899 2583 1030 2619 affatim
1057 2595 1116 2617 co-

264 2642 370 2678 ar&at
393 2637 475 2673 illud
501 2636 594 2684 quod
620 2634 708 2670 dixit
731 2637 853 2680 θέςΘ,
878 2632 914 2666 &
930 2631 1052 2666 definit
1079 2631 1117 2665 il-

266 2692 334 2727 lam
361 2687 482 2723 aestatis
507 2694 637 2733 partem
652 2709 664 2728 ‚
695 2695 771 2730 quae
797 2693 927 2716 annexa
949 2680 997 2714 est
1021 2689 1118 2715 autu-

269 2752 352 2775 mno
367 2762 379 2780 .,
405 2735 459 2770 vel
477 2735 577 2782 plene
600 2742 801 2767 autumnum
827 2728 935 2777 ipsum
960 2741 1118 2776 compre-

270 2786 390 2823 hendit
407 2809 418 2827 ,
444 2784 571 2830 quippe
589 2794 657 2829 quo
673 2790 830 2827 tempore
847 2777 975 2814 frufitus
994 2778 1119 2825 palma-

271 2848 346 2872 rum
363 2831 591 2868 maturescunt
608 2830 643 2864 δί
661 2829 753 2875 carpi
769 2827 886 2862 solent.
926 2826 966 2861 Id
987 2825 1121 2861 Voslius

272 2881 461 2921 adolescens
486 2879 522 2913 δί
547 2878 657 2913 adhuc
684 2875 944 2912 Salmasiocolax
968 2876 1121 2922 nequivit

273 2931 415 2979 assequi,
440 2928 475 2962 &
493 2928 571 2975 quia
588 2926 709 2973 Scylax
727 2937 863 2973 quoque
882 2925 915 2958 in
933 2923 1012 2958 loco
1029 2924 1120 2958 Peri-

275 2982 322 3030 pli
338 2981 380 3015 de
399 2975 650 3013 Nasamonibus
673 2974 757 3008 dicit
781 2974 802 3012 Ξ
821 2973 839 3018 {3
858 2976 948 3018 θὲρκς
963 2996 975 3014 ,
1000 2972 1121 3007 eodem

275 3027 426 3078 respestu
447 3025 481 3060 ὃς
498 3024 539 3058 de
557 3023 673 3058 eadem
697 3031 791 3069 parte
813 3020 992 3055 intellexit.
1016 3032 1122 3067 quum

274 3078 398 3125 Scylax
417 3073 542 3109 nullam
559 3071 659 3106 faciat
675 3070 886 3105 mentionem
903 3067 1036 3115 legendi
1054 3068 1123 3104 sru-

274 3127 367 3168 c'tus,
382 3123 437 3159 sed
454 3118 693 3158 tantummodo
710 3119 848 3160 innuat,
869 3117 950 3164 quid
970 3115 1028 3151 fiat
1045 3130 1123 3164 pro-

273 3186 350 3223 pter
370 3182 520 3207 armenta
547 3178 605 3205 aut
628 3179 760 3218 greges.
811 3166 907 3202 Hinc
928 3164 1016 3200 male
1030 3166 1125 3202 abre-

1135 468 1237 504 beant
1254 465 1513 510 difficultatem,
1537 464 1592 500 sed
1609 465 1677 513 ipse
1694 465 1820 512 aperiat
1836 463 1926 498 suam
1941 463 1989 498 la·

1137 516 1262 552 scivam
1288 514 1464 563 ineptiam.
1512 515 1654 561 Nempe
1681 527 1786 562 quum
1802 515 1897 549 venit
1911 525 1990 549 vera

1141 565 1176 600 ἃ
1193 565 1331 613 propria
1348 563 1441 599 aestas
1456 588 1468 608 ,
1494 562 1665 599 transeunt
1690 565 1726 599 in
1749 563 1992 598 mediterranea

1141 627 1221 650 cum
1238 625 1363 663 pecore
1381 638 1393 658 ‚
1419 612 1479 647 ubi
1505 612 1553 647 est
1578 624 1739 661 aquarum
1762 611 1915 649 dulcium
1932 624 1992 647 co-

1142 664 1196 712 pia
1215 680 1226 705 3
1252 662 1311 697 ubi
1335 661 1468 697 accedit
1492 671 1673 696 autumnus
1689 687 1702 706 ,
1727 660 1862 709 quando
1886 660 1995 696 solent

1142 712 1254 747 vicina
1279 710 1435 746 litoribus
1460 711 1621 758 irrigari,
1654 710 1735 746 illuc
1768 708 1876 745 rursus
1901 710 1995 758 traji-

1145 761 1241 795 ciunt
1255 772 1380 809 pecora
1397 776 1407 802 3
1435 771 1504 807 quo
1525 759 1615 795 fasso
1641 759 1690 794 illi
1716 757 1838 795 relic'tis
1856 758 1904 794 ibi
1918 770 1998 807 gre-

1146 809 1245 858 gibus
1256 834 1267 853 ,
1294 810 1372 856 quia
1386 817 1461 843 tum
1476 807 1600 856 dadyli
1617 808 1846 844 maturescunt
1865 832 1877 850 ‚
1900 819 1999 855 repe-

1148 868 1226 892 tunt
1251 857 1494 892 mediterranea
1519 857 1556 892 &
1571 857 1706 893 divitias
1730 858 1800 893 illas
1816 856 1998 906 colligunt.

1149 905 1253 942 Nihil
1270 905 1464 953 simplicius.
1504 905 1640 953 Utique
1656 907 1738 942 dum
1756 906 1869 955 Cyrus
1882 905 2000 941 scribi-

1148 964 1204 990 tur
1229 954 1270 988 ad
1294 953 1444 1002 Gynden
1468 956 1588 1000 θερείαν
1616 961 1718 990 πᾶσαν
1740 961 1832 1001 μεῖναι
1853 983 1863 997 ,
1897 955 2001 991 etiam

1149 1013 1284 1051 tempus
1298 1013 1502 1038 autumnum
1520 1014 1562 1037 eo
1578 1005 1775 1039 continetur
1789 1004 1848 1039 lib.
1861 1016 1890 1039 1.

1198 1064 1282 1097 277,
1303 1063 1356 1087 11.
1382 1052 1438 1088 Τιές
1454 1051 1474 1097 {3
1491 1052 1646 1089 α’τἾελέέκς
1666 1051 1762 1099 &C.]
1791 1051 1938 1088 Infausta
1952 1053 2004 1088 in-

1150 1100 1350 1150 terpretatio
1360 1100 1473 1136 Vallae
1489 1100 1565 1148 post
1581 1111 1709 1137 renatas
1725 1101 1836 1136 literas
1849 1101 1937 1138 bene
1953 1102 2006 1137 in·

1151 1152 1256 1187 currit
1271 1151 1307 1185 in
1321 1149 1593 1199 indignationem
1609 1151 1792 1186 hominum
1809 1150 2007 1196 do&0rum,

1152 1199 1190 1236 ὃς
1206 1199 1385 1248 postquam
1411 1198 1528 1235 Defid.
1557 1199 1727 1237 Heraldus
1749 1201 1784 1236 in
1803 1199 2011 1236 Adversariis

1157 1261 1189 1294 1,
1206 1260 1247 1285 10
1263 1248 1354 1284 illam
1373 1248 1613 1297 reprehendit,
1630 1249 1783 1298 pluribus
1798 1249 2011 1298 perstrinxit,

1152 1308 1192 1334 ut
1207 1297 1346 1342 debuit,
1356 1297 1453 1332 AEm.
1465 1298 1588 1333 Portus
1603 1299 1638 1333 in
1654 1299 1792 1335 Lexico
1809 1299 1954 1343 lonico,
1969 1307 2011 1333 ut

1153 1347 1269 1382 nostro
1292 1347 1442 1394 tempori
1468 1359 1538 1382 non
1563 1348 1746 1383 conveniat
1769 1349 1805 1382 in
1827 1347 1925 1383 ulcus
1936 1350 2008 1394 jam

1153 1395 1341 1431 coalescens
1357 1397 1393 1430 &
1409 1394 1558 1431 sanatum
1576 1408 1707 1445 ungues
1724 1397 1864 1432 mittere
1877 1421 1891 1440 ‚
1915 1396 2010 1443 quod

1154 1443 1255 1478 video
1273 1456 1333 1491 per
1347 1443 1512 1479 summam
1520 1448 1750 1482 temeritatem
1759 1446 1795 1481 in
1811 1444 2013 1493 quibusdam

1156 1491 1446 1527 observationibus
1462 1492 1557 1537 fieri,
1581 1507 1688 1541 quum
1703 1508 1774 1530 non
1788 1494 1918 1530 deceat.

1206 1551 1290 1587 277,
1313 1543 1364 1574 16.
1399 1543 1564 1585 Σκίμπωνοο
1579 1543 1801 1590 προςῆσωνἿοω]
1837 1543 1927 1578 Non
1943 1541 2014 1587 est,

1159 1589 1252 1637 quod
1275 1588 1349 1636 quis
1370 1587 1522 1624 offendat
1539 1614 1552 1634 ,
1577 1588 1641 1625 nifi
1664 1589 1756 1624 dicas
1777 1589 1953 1625 absurdam
1978 1590 2017 1625 δε

1160 1638 1289 1673 foedam
1307 1636 1372 1672 effe
1396 1650 1523 1673 noxam
1540 1664 1552 1683 ‚
1577 1651 1655 1686 quae
1680 1638 1814 1687 quidvis
1829 1637 2017 1674 Herodoto

1162 1686 1346 1735 supposuit.
1378 1687 1475 1723 Nam
1498 1688 1643 1724 eximius
1664 1688 1722 1723 ille
1739 1687 1919 1724 Mediceus
1936 1686 2020 1723 MS.

1164 1746 1261 1772 tanto
1277 1746 1434 1784 tempore
1457 1736 1566 1772 servat
1592 1741 1726 1773 σκίπωνα
1741 1762 1754 1782 ,
1780 1737 1818 1772 ὃς
1841 1735 1952 1772 nullus
1973 1747 2019 1772 ex

1165 1798 1206 1821 eo
1223 1785 1398 1821 restituere
1421 1785 1580 1835 dignatus
1595 1786 1673 1822 fuit.
1720 1786 1837 1822 Habes
1858 1786 1967 1835 igitur
1981 1786 2018 1822 in

1165 1843 1392 1869 monumento
1406 1834 1526 1870 illustri
1541 1847 1663 1870 vocem
1680 1835 1776 1871 istam
1794 1834 1961 1884 positam,
1979 1843 2018 1870 ut

1165 1884 1308 1918 minime
1331 1885 1461 1920 mireris
1480 1883 1522 1919 ab
1538 1885 1781 1920 Grammaticis
1805 1898 1879 1920 eam
1903 1884 2018 1920 omni-

1166 1932 1228 1968 bus
1245 1934 1411 1968 annotari.
1443 1933 1618 1970 Adhibeas
1633 1934 1715 1970 licet
1734 1934 1901 1984 Stephani
1918 1934 2020 1971 The-

1166 1980 1308 2018 faurum.

1214 2045 1297 2079 277,
1316 2037 1371 2067 26.
1413 2031 1642 2078 Κωτᾰίιξσίμενοι
1674 2031 2020 2086 ὃῆηκωᾶκοιμὲωντοα.]

1166 2081 1350 2129 Tanquam
1376 2082 1434 2118 hic
1457 2094 1597 2130 quoque
1612 2082 1787 2130 placuisset
1804 2084 1861 2120 illa
1876 2086 1967 2121 echo
1982 2088 2019 2123 in

1168 2131 1345 2166 iteratione
1371 2130 1622 2179 praepositionis
1645 2132 1721 2168 κοίῙοι
1745 2159 1753 2172 ,
1789 2145 1891 2181 quam
1916 2135 2018 2183 paulo

1169 2189 1246 2215 ante
1261 2180 1440 2215 habuimus
1455 2180 1489 2214 in
1506 2181 1711 2226 ΚοίΙαφᾶίγων
1730 2182 1894 2230 κωΊαφόγῃ
1911 2183 1951 2218 ad
1960 2196 2020 2231 pa-

1169 2229 1285 2277 ginam
1301 2240 1379 2275 230.
1430 2229 1550 2277 Itaque
1575 2228 1621 2264 fic
1639 2241 1777 2278 quoque
1792 2232 1876 2267 citat
1891 2231 2021 2267 Salma-

1172 2278 1234 2313 sius
1249 2278 1284 2313 in
1300 2278 1459 2313 Plinianis
1481 2290 1559 2327 pag.
1575 2289 1656 2324 412.
1708 2279 1775 2314 Sed
1790 2291 1864 2315 eam
1880 2281 2020 2329 opinio-

1171 2340 1249 2363 nem
1275 2326 1406 2376 diffipat
1430 2327 1582 2375 optimus
1616 2327 1694 2364 MS.
1717 2328 1913 2365 exhibendo
1948 2331 2022 2365 &Dn-

1172 2378 1302 2423 κοιμῦνῇ
1317 2401 1328 2421 ,
1355 2375 1447 2425 quod
1472 2375 1607 2424 probari
1633 2378 1775 2412 omnino
1792 2377 1906 2413 debet.
1948 2378 2024 2414 Sal-

1118 2440 1119 2443 *
1172 2425 1292 2461 mafius
1310 2435 1424 2461 autem
1440 2437 1541 2473 quam
1563 2426 1781 2474 praecipitans
1798 2425 1835 2462 &
1850 2427 1963 2464 furens
1985 2428 2022 2464 in

1172 2473 1309 2510 citando
1323 2474 1444 2517 fuerit,
1470 2486 1678 2522 omnemque
1690 2476 1917 2512 attentionem
1933 2488 2022 2525 prae-

1173 2533 1306 2560 vertens
1323 2548 1333 2568 ‚
1358 2522 1436 2558 inde
1453 2522 1672 2571 cognoscitur
1685 2524 1777 2572 quod
1800 2524 1903 2561 habet
1927 2537 2022 2573 myo-

1174 2571 1261 2619 5120'89
1277 2573 1380 2618 79105053
1397 2576 1452 2607 τῶν
1472 2574 1593 2618 τύμξων
1609 2571 1775 2620 ἁψάμενοι.
1803 2573 1869 2610 Sed
1888 2574 1924 2609 δι’,
1938 2585 2021 2610 mox

1175 2623 1207 2657 τό
1225 2624 1261 2663 dL'
1277 2621 1313 2656 ἅν
1331 2624 1378 2668 ἴδῃ
1399 2625 1429 2656 ὀν
1453 2626 1488 2668 τῇ
1509 2621 1568 2663 σ”ψᾴ
1592 2622 1717 2658 ἐνύπνιον
1734 2648 1746 2666 ,
1772 2635 1841 2658 non
1866 2625 1951 2659 {aaa
1973 2628 2021 2670 τῇ.

1178 2670 1336 2706 Editores
1351 2670 1508 2704 nimimm
1526 2670 1649 2706 volunt
1663 2670 1769 2707 videri
1784 2671 1894 2708 exaffi
1909 2670 2022 2706 custo-

1176 2719 1234 2754 des
1252 2731 1469 2754 numerorum
1481 2745 1493 2764 ,
1518 2720 1719 2756 Herodotus
1732 2720 1764 2756 se
1781 2719 1943 2756 monstrat
1957 2720 2022 2756 esse

1176 2767 1342 2814 liberum,
1367 2767 1401 2803 &
1417 2779 1602 2816 utrumque
1624 2781 1805 2805 numerum
1829 2769 1913 2804 bene
1929 2769 2022 2817 posse

1178 2830 1391 2855 concurrere.
1440 2818 1495 2853 An
1509 2817 1724 2863 dubitamus,
1749 2819 1822 2866 quis
1840 2816 1946 2853 audiri
1962 2817 2022 2853 de-

1178 2867 1277 2904 beat?
1492 2915 1500 2928 l
1846 2915 1852 2921 υ
1998 2916 2004 2922 ·

1227 2929 1310 2964 277,
1327 2928 1382 2963 41.
1410 2917 1650 2965 Γοιςςεμοιντες]
1685 2912 1894 2961 Dausquejus
1910 2914 1951 2949 ad
1969 2916 2023 2951 Si-

1179 2967 1262 3002 lium
1282 2966 1436 3001 Italicum
1453 2964 1510 3000 lib.
1529 2977 1543 3011 3
1563 2965 1698 3001 duravit
1713 2964 1920 3011 interrogare
1945 2963 2024 3008 [An

1181 3014 1378 3052 Herodotus
1404 3014 1625 3049 Garamantes
1649 3010 1821 3060 supposuit
1845 3012 2023 3059 Gampha-

1181 3061 1366 3109 santibus?]
1383 3061 1451 3097 Cui
1468 3061 1735 3111 respondendum
1745 3061 1880 3096 videtur
1896 3060 2025 3097 statuis-

1182 3113 1213 3149 se
1230 3111 1404 3148 Salmafius
1423 3111 1458 3147 in
1474 3111 1630 3147 Plinianis
1646 3122 1723 3159 pag.
1738 3121 1778 3156 41
1791 3123 1820 3156 3.

1234 3172 1315 3205 ’.ι-’7,
1331 3171 1387 3203 47.
1426 3162 1464 3198 Οἳ
1485 3161 1580 3207 Λόφις
1599 3158 1752 3209 κέρσνῦ]
1788 3159 1878 3206 Quis
1899 3157 2024 3195 horum

1952 3219 2031 3244 ver-
