2112 3621
262 176 343 226 980

269 238 387 274 stolam
403 237 498 273 Pauli
516 236 555 271 ad
572 238 751 272 Romanos
772 249 826 281 12,
843 250 899 281 zi,
916 237 974 272 ubi
995 236 1117 285 allega-

272 297 327 322 mr
343 288 374 321 ei
398 287 487 321 Solon
510 286 730 332 Sysuczgshrum
748 287 895 332 Princeps
912 311 922 330 ,
948 284 1051 333 idque
1075 284 1120 320 fic

269 345 478 384 propagatur
503 346 563 382 per
589 336 692 370 varias
717 335 890 370 editiones.
941 334 1054 368 Miror
1077 333 1119 368 ab

271 396 363 419 certa
384 384 565 418 hominum
588 384 725 419 natione
746 384 964 419 Herodotum
982 382 1119 418 menda-

270 445 347 468 cem
366 432 586 479 proclamari,
605 433 769 468 Grotium
784 445 863 468 non.

315 492 397 529 433,
417 493 471 527 33.
496 482 639 520 NoevarTc
653 486 753 528 ἀρχῆς
769 480 913 530 οἴακι]
947 480 1044 526 Quid
1060 493 1116 517 va-

269 530 343 565 nius
358 530 425 566 dici
442 540 560 578 queat,
586 531 644 564 vix
660 530 770 566 video.
811 532 892 566 Vox
910 531 1023 578 itaque
1046 543 1116 564 mc-

269 578 325 614 dia
346 592 452 628 quum
474 592 543 614 non
565 578 708 615 exstaret
731 582 766 615 in
783 580 862 615 MS.
878 580 1004 627 agnovi
1023 578 1116 614 codi-

269 639 344 663 cem
371 629 541 677 opumuin
560 654 571 672 ‚
598 627 633 662 ὃς
656 629 821 664 rationem
844 630 980 663 unicam
1002 640 1117 663 emen-

265 675 367 712 dandi
383 677 556 712 Herodoti
571 702 582 721 ,
610 678 666 723 qui
684 677 913 713 subintellexit
929 677 1039 723 ςςοιῖιῆς
1056 690 1117 712 vo-

267 737 345 761 cem
361 727 396 760 in
413 725 689 761 antecedentibus
712 726 888 773 aliquoties
905 725 1115 773 usurpatam;

267 773 362 811 &fic
378 775 493 810 omnia
511 773 600 809 rec‘te
616 775 752 811 habent.
783 776 906 810 Portus
922 775 1030 809 multa
1046 774 1116 808 col—

265 819 352 871 legit
367 824 402 858 in
418 836 451 859 v.
462 824 587 871 ἆρχε-ιν,
610 823 664 859 sed
676 825 744 859 hoc
760 836 867 873 genus
883 823 1044 872 loquendi
1062 827 1115 869 α’ς-

265 877 324 919 χῆς
341 871 446 919 ἄρχειν
464 873 690 921 praetermisit.

311 932 435 969 434,1.
464 925 632 969 Α’ξξομὲνκς
649 922 779 970 chent]
801 923 878 958 MS.
897 920 1058 969 οἱςξομῇἐς
1073 924 1116 966 ἐχ

265 968 354 1013 ἕξειν.
380 969 421 1005 Id
437 971 528 1018 quod
545 981 637 1006 certe
652 972 700 1006 est
715 974 831 1006 acrius.
859 972 933 1016 Qui
949 970 1039 1006 enim
1058 981 1115 1003 ne-

291 1031 346 1054 are
361 1019 474 1067 potest
491 1019 600 1064 Gelo,
627 1020 759 1054 Graecis
775 1032 880 1067 quum
898 1019 1040 1055 fateatur
1056 1018 1114 1052 ha-

263 1029 346 1102 {ere
371 1068 429 1115 qui
453 1068 613 1114 praesint‚
635 1067 741 1102 abess‘e
757 1069 815 1116 qui
832 1067 957 1103 subsint
973 1094 984 1113 ‚
1010 1079 1114 1116 quum

262 1115 361 1152 sciret
375 1115 467 1164 gesta
483 1116 523 1151 ad
542 1117 795 1152 Marathonem.
823 1118 942 1165 Itaque
958 1116 1062 1152 debet
1078 1117 1112 1150 in

262 1164 380 1200 futuro
402 1167 617 1212 pronunciari
634 1166 669 1200 id
686 1192 698 1210 ,
724 1165 815 1213 quod
832 1177 967 1202 veretur
985 1175 1042 1201 aut
1056 1164 1114 1199 de-

261 1215 403 1249 nunciat
419 1231 431 1256 3
458 1214 492 1249 id
510 1224 580 1250 erat
591 1215 707 1263 jocose
725 1216 870 1250 Graecos
893 1228 962 1250 non
980 1214 1114 1265 habitu-

263 1275 340 1307 ros,
366 1262 488 1310 quibus
503 1264 700 1311 imperaturi
717 1263 839 1298 forent.
878 1262 1048 1311 Α’ςξομὸἰόες
1064 1265 1113 1296 lu-

260 1312 326 1346 mit
342 1324 383 1345 eo
399 1311 508 1356 sensu,
538 1325 606 1359 quo
621 1310 781 1360 οἱςχόμῦζυοι
792 1340 800 1353 ‚
826 1321 865 1348 ut
882 1313 1024 1361 collegit
1032 1313 1114 1348 Por-

270 1369 324 1395 tus
341 1361 375 1394 in
391 1373 423 1395 v.
439 1361 576 1407 02429520‘33.

311 1419 460 1455 434‚13.
489 1410 539 1448 Mri
554 1414 572 1442 δ’
589 1408 747 1455 Adrastus-Z]
778 1410 857 1444 MS.
877 1410 1014 1445 ‹idmst-2⁶1.

311 1468 395 1505 434,
412 1459 466 1492 28.
502 1461 570 1492 A'm'
595 1458 666 1494 (zi-zi
690 1458 910 1505 δικωιοσύνης]
953 1457 1033 1492 MS.
1061 1459 1118 1491 0273<

262 1507 323 1541 Seni
339 1505 529 1544 δικοιιοσῦνης.

309 1565 393 1600 434,
406 1564 458 1602 31.
487 1557 528 1590 E'q
543 1553 704 1594 Μεω-ἱωήν
716 1553 938 1601 μεζᾶξοιλέσων
954 1552 1115 1600 fairwu]

261 1602 341 1638 MS.
363 1608 394 1638 ὀν
417 1603 572 1649 Mem-lady.

311 1661 395 1698 434,
415 1663 466 1698 32.
500 1651 551 1690 Koa?
567 1655 672 1699 τοιῷδε
695 1652 831 1700 τρόπῳ]
867 1653 946 1688 MS.
965 1655 990 1702 ᾖ,
1010 1652 1116 1698 ‘tois-tq,

268 1702 375 1747 τρόπῳ.

311 1762 353 1795 43
365 1760 395 1795 5,
415 1762 469 1795 37.
503 1749 712 1798 xoegxmlo'vn]
755 1750 908 1799 Apparet
931 1750 1115 1798 unicuique

264 1797 396 1833 Vallam
413 1800 545 1846 optime
561 1799 703 1834 vertiffe.
728 1800 860 1846 Quidni
877 1800 984 1848 igitur
996 1798 1032 1833 &
1042 1810 1114 1833 cre-

261 1847 420 1882 diderunt
447 1847 592 1883 editores
619 1847 838 1884 Herodotum
871 1849 1002 1894 optime
1034 1846 1113 1882 scri-

262 1895 380 1944 pfisse?
405 1896 543 1932 Abhinc
559 1907 597 1932 ut
612 1896 646 1932 id
663 1896 836 1942 credatur,
852 1897 957 1932 testor
971 1909 1027 1931 me
1042 1896 1113 1931 edi—

263 1945 343 1979 diise
358 1970 370 1989 ,
402 1955 505 1993 prout
537 1944 770 1994 suppeditabat
796 1946 907 1981 codex
940 1945 1111 1993 optimus5

262 1993 324 2028 etfi
345 1994 403 2029 vix
428 1994 629 2030 crediderim
647 1995 825 2043 vulgatum
850 1994 982 2029 aliunde
1006 1993 1112 2029 venis-

261 2040 292 2077 se
307 2068 318 2086 ‚
344 2055 443 2090 quam
461 2055 504 2078 ex
530 2055 642 2079 errore
669 2044 761 2079 oculi
788 2044 955 2079 cernentis
977 2052 1111 2078 antece-

261 2090 362 2133 dens,
388 2104 458 2126 non
472 2092 563 2127 hunc
579 2091 742 2128 dativum.

309 2147 434 2186 43679.
462 2143 565 2185 Ε”χωσι
583 2141 663 2184 πός
679 2143 699 2175 ‘i‘
716 2142 836 2188 Πὲρτῖω
854 2143 954 2186 λέγειν
968 2139 1108 2186 τοιοίδε]

262 2188 344 2223 Hoc
369 2189 479 2223 fateor
502 2188 575 2223 latis
602 2189 741 2237 fimplex
769 2191 833 2225 esse
850 2216 862 2236 ,
897 2190 933 2223 3<
956 2190 1022 2225 tale
1037 2215 1048 2234 ‚
1073 2199 1111 2224 ut

263 2237 364 2272 etiam
389 2237 487 2285 stipes
512 2237 601 2273 rudis
627 2239 816 2288 intelligere
845 2238 943 2288 posiit
966 2253 974 2274 :
1001 2239 1112 2274 multo

260 2285 390 2321 facilius
405 2296 445 2321 ut
460 2286 494 2321 id
511 2286 552 2321 ab
562 2287 735 2336 Stephano
752 2297 903 2324 vertatur
918 2299 1038 2333 operam
1054 2289 1111 2322 da-

260 2336 336 2369 bant
351 2359 362 2380 ,
387 2342 422 2369 zet
439 2336 554 2381 pofflnt
570 2336 633 2371 haec
649 2336 755 2383 Persae
772 2337 878 2372 disere.
930 2337 996 2372 Sed
1012 2337 1046 2372 id
1063 2336 1112 2372 est

261 2384 407 2419 alienum
431 2384 472 2419 ab
491 2383 655 2434 elegantia
677 2385 712 2420 ὃς
738 2385 981 2435 εἰιῑιιῐῃΐρεὸὶα
1004 2386 1110 2422 suavi-

260 2442 330 2468 tate
348 2433 540 2477 Herodoti,
566 2434 655 2469 unde
672 2435 736 2469 effe
751 2436 896 2482 opinor,
919 2445 957 2471 ut
966 2434 1108 2471 verbum

261 2486 362 2526 λέγειν
390 2495 459 2517 non
492 2482 532 2517 sit
560 2484 595 2517 in
626 2484 703 2519 MS.
755 2485 837 2519 Hoc
868 2497 992 2532 nempe
1016 2496 1108 2528 erat,

263 2531 356 2578 quod
372 2530 446 2566 seiri
462 2532 620 2568 intererat
637 2549 650 2574 3
674 2533 742 2568 hoc
758 2533 850 2582 quod
875 2534 916 2569 ab
934 2535 1108 2570 Herodoti

262 2591 364 2614 manu
382 2579 572 2627 profectum
599 2592 679 2616 erat.
731 2583 812 2618 Hoc
829 2583 961 2618 accedit
977 2585 1017 2620 ad
1034 2583 1108 2619 dul-

262 2629 417 2663 cedinem
433 2629 616 2666 locutionis
636 2631 671 2665 in
696 2629 790 2666 sacris
814 2631 905 2667 libris
921 2657 932 2677 ‚
956 2642 1031 2668 tum
1050 2633 1108 2668 ali-

261 2674 316 2720 bi,
332 2686 405 2712 tun]
423 2677 500 2713 Aet.
517 2679 636 2726 Apost-
653 2691 742 2725 24,9
758 2684 782 2714 εἴ
798 2697 825 2715 τι
844 2683 941 2727 ’ἔχοιεν
960 2682 1039 2724 wey}-
1054 2698 1106 2727 με.

259 2725 376 2760 Verba
391 2726 521 2773 prorsus
536 2727 623 2775 ipsi,
649 2727 702 2762 sed
716 2727 821 2764 sensus
837 2730 991 2766 acerbior
1007 2730 1042 2766 &
1059 2741 1108 2767 te-

263 2774 348 2807 trior
364 2788 375 2815 5
402 2774 454 2808 sed
472 2776 556 2811 nihil
574 2777 715 2825 impedit
732 2778 766 2812 in
783 2788 962 2827 utramque
977 2789 1108 2827 partem

259 2821 460 2870 loquutione
473 2824 532 2858 ista
548 2826 608 2860 uti.

309 2877 393 2917 436,
407 2883 461 2917 37.
488 2877 612 2918 Λέγετοω
633 2876 665 2919 ᾧ
685 2873 799 2922 Μίνω]
826 2876 902 2912 MS.
923 2880 1045 2913 Μίνεων.

308 2931 393 2966 437,
412 2932 440 2954 2.
478 2921 576 2962 “r‘est‘nv
593 2926 718 2971 adnm]
751 2925 867 2968 Quam
884 2927 955 2973 ejus
978 2928 1013 2962 in
1039 2927 1106 2962 hoc

259 2968 422 3016 scriptore
454 2971 663 3006 mentionem
701 2970 950 3009 commemorat
984 2976 1105 3012 Strabo

262 3017 319 3052 lib.
336 3023 357 3051 6
372 3029 447 3066 pag.
470 3017 549 3063 282,
565 3019 657 3066 quod
678 3030 749 3055 non
771 3021 935 3057 intactum
953 3026 1104 3070 praeterit

261 3065 436 3113 diligentia
461 3067 598 3102 maximi
616 3067 828 3112 Casauboni3
856 3069 917 3106 nifi
939 3071 1031 3119 quod
1054 3073 1104 3107 in-

261 3113 364 3149 dicari
379 3116 481 3152 etiam
497 3115 598 3152 debet
620 3117 657 3152 in
681 3118 812 3166 optima
828 3119 1022 3156 membrana
1036 3120 1105 3170 legi

572 170 741 226 JAC.
810 169 1320 212 GRONOVII
1385 169 1666 212 NOTAE

1170 238 1298 282 T‘gmh'm
1321 235 1358 271 &
1382 239 1513 283 T‘gndlnc
1528 260 1541 280 ,
1566 237 1613 271 ita
1636 247 1750 272 vetere
1772 234 1935 284 scriptura
1959 238 2019 273 va-‘

1170 285 1297 329 nante,
1321 284 1410 320 unde
1424 285 1533 320 literae
1550 288 1569 319 δ’
1586 286 1621 320 in
1638 287 1750 334 primo
1765 285 1842 319 loco
1857 285 2018 333 superpo-

1171 331 1269 367 fitnm
1286 345 1317 368 Α.
1344 333 1410 369 Sed
1430 334 1520 370 haud
1537 334 1640 369 dubie
1656 335 1808 370 innuitur
1819 334 2018 371 Herodotus

1169 380 1326 428 scripsisse
1343 386 1475 429 Τςηΐην,
1501 383 1537 417 ὅί
1553 386 1678 430 Υξηΐης.

1216 441 1301 476 437,
1319 442 1373 465 22.
1409 430 1504 466 Mera*
1522 431 1661 478 Μίνωα]
1698 432 1778 467 MS.
1802 432 1885 477 μεταὶ
1901 437 2016 476 Μίνεω,

1169 477 1204 512 &
1222 478 1263 513 ad
1277 479 1432 514 ultimam
1447 479 1578 523 literam
1599 481 1678 515 loco
1695 481 1815 516 altiore
1836 482 1939 517 habet
1960 482 2018 517 ad-

1169 527 1274 562 ditam
1290 527 1422 563 literam
1441 545 1464 562 ν.

1215 587 1299 623 437,
1319 588 1372 623 25.
1409 577 1482 612 Abte)
1506 577 1603 613 τέῖἑων
1626 579 1658 614 δέ
1683 588 1737 619 σφι
1759 579 1960 625 &artrusio-acc
1978 580 2017 615 ε’κκ

1169 624 1316 672 Κρήτης]
1349 626 1431 661 Hoc
1448 626 1585 674 quidem
1603 626 1666 661 effe
1682 637 1777 662 extra
1793 627 1900 672 oleas,
1925 630 1961 663 &t
1977 641 2018 663 o-

1169 675 1287 709 mnino
1313 675 1348 709 in
1371 674 1435 709 hae
1461 676 1650 710 narratione
1675 676 1810 711 tolerari
1831 688 1901 711 non
1926 677 2019 724 poss‘e

1169 723 1223 757 cui
1240 735 1309 758 non
1328 723 1441 770 patet?
1468 725 1576 759 immo
1595 724 1629 759 ὃς
1647 726 1703 759 cui
1722 737 1792 760 non
1810 726 1940 772 patuit,
1955 725 2019 762 etfi.

1171 770 1260 807 sileat
1287 773 1477 821 Stephanus
1510 773 1631 821 aliique
1648 772 1661 807 ?
1695 774 1795 810 Valla
1821 774 2020 809 mirabiliter

1170 817 1263 866 Troja
1278 821 1421 868 reverfhs.
1472 822 1625 869 Oportet
1650 822 1689 857 ad
1717 824 1785 858 hoc
1806 823 1964 871 stupuiss‘e
1978 835 2020 858 o-

1170 880 1263 903 mnes
1278 893 1290 913 ‚
1316 869 1377 904 etfi
1395 869 1548 906 viderent
1566 870 1792 906 diversitatem
1812 873 1847 906 in
1865 872 2020 916 Graecis,

1170 916 1295 951 hiscere
1317 926 1431 953 tamen
1454 931 1524 953 non
1539 918 1631 954 ausos
1650 944 1662 963 .,
1695 921 1805 955 donec
1821 920 1876 955 Cl.
1896 922 2019 956 Meur-

1169 965 1231 1000 sius
1248 967 1282 1000 in
1297 964 1422 1014 scripto
1439 967 1481 1001 de
1498 966 1600 1001 insula
1616 967 1721 1004 Creta
1742 981 1818 1017 pag.
1843 974 1908 1016 146
1924 969 2019 1005 susti-

1167 1014 1242 1049 nuit
1258 1015 1428 1063 conjicere
1453 1021 1479 1052 ἐς
1493 1015 1619 1062 Κξῆπίω.
1659 1017 1794 1052 Frustra
1809 1042 1820 1061 ‚
1849 1017 1910 1052 etfi
1926 1019 2021 1054 dicat

1166 1063 1303 1110 aliquid.
1328 1063 1396 1099 Sed
1415 1075 1605 1112 praegravat
1624 1065 1744 1110 Valla,
1770 1078 1876 1113 quum
1892 1066 2021 1115 liquide

1167 1112 1201 1145 in
1225 1113 1361 1160 optimo
1387 1112 1550 1149 Mediceo
1583 1114 1715 1162 legatur
1746 1114 1946 1161 &monimo
1978 1118 2020 1151 &a

1167 1165 1263 1207 τροίης
1278 1189 1287 1201 ,
1314 1162 1408 1209 quod
1432 1162 1510 1198 ideo
1534 1163 1692 1207 restitui,
1718 1163 1900 1211 adjuvante
1915 1165 2020 1201 etiam

1167 1210 1239 1244 Th.
1256 1210 1354 1245 Gale.

1214 1270 1256 1307 43
1264 1260 1338 1303 8,·6.
1365 1262 1505 1307 Α’χοιιΐης
1522 1265 1550 1298 ἐς
1565 1259 1656 1296 Α”ὶλον
1675 1261 1694 1310 ]
1721 1263 1778 1297 De
1792 1256 1858 1298 hae
1871 1262 2020 1311 appella-

1166 1307 1260 1342 tione
1275 1334 1286 1353 ,
1312 1321 1389 1356 quae
1406 1310 1509 1344 etiam
1530 1311 1672 1345 recurrit
1690 1323 1763 1360 cap.
1787 1323 1866 1356 197,
1883 1312 2018 1348 solliciti

1168 1356 1305 1392 {uerunt
1320 1358 1384 1392 viri
1399 1357 1492 1393 doen
1503 1384 1514 1402 ,
1543 1359 1738 1396 Holstenius
1754 1360 1795 1395 ad
1806 1361 2020 1407 Stephanum

1167 1417 1244 1452 pag.
1257 1418 1300 1450 27
1317 1406 1351 1441 ὃ(
1362 1406 1663 1442 Grentemesnilius
1673 1409 1712 1443 ad
1723 1408 1924 1444 Strabonem
1939 1421 2017 1458 pag.

1174 1463 1248 1500 321.
1288 1455 1362 1498 Qui
1379 1455 1471 1502 quod
1487 1455 1640 1503 suspicari
1656 1466 1842 1504 potuerunt
1857 1470 1900 1493 ex
1918 1457 2018 1493 fimili

1171 1503 1309 1537 nomine
1334 1502 1376 1537 ab
1399 1503 1469 1537 aliis
1485 1504 1701 1552 Geographis
1723 1507 1803 1541 dato
1818 1531 1829 1550 ‚
1853 1506 1921 1555 ipse
1946 1507 2021 1543 ridi

1170 1549 1296 1598 liquide
1312 1551 1473 1597 scriptum
1501 1553 1535 1586 in
1560 1553 1681 1588 codice
1699 1555 1777 1588 MS.
1797 1556 1854 1602 qui
1870 1555 1918 1590 est
1935 1555 2018 1590 Flo-

1169 1600 1308 1644 rentiae,
1327 1599 1417 1635 unde
1433 1599 1523 1635 nulla
1540 1602 1656 1648 potuit
1671 1614 1726 1637 me
1742 1605 1904 1639 remorari
1919 1603 2018 1641 haefi-

1168 1649 1253 1684 tatio
1270 1650 1311 1684 ab
1326 1650 1398 1685 veri
1413 1649 1638 1685 restitutione.

1213 1701 1297 1744 438,
1314 1697 1347 1734 8.
1373 1698 1558 1745 Abra-amb]
1594 1700 1698 1736 Nihil
1714 1699 1849 1738 confert
1864 1702 1925 1738 ista
1941 1714 2019 1739 mu·

1169 1750 1275 1792 tatio,
1293 1747 1328 1783 &
1344 1747 1435 1783 ruste
1452 1749 1532 1783 MS.
1548 1750 1676 1784 άπίκεἹο.
2015 1747 2019 1751 ’

1213 1797 1297 1845 438,
1313 1807 1363 1842 15.
1388 1802 1446 1832 Τῶν
1463 1799 1668 1844 πολεμάρχων
1684 1798 1926 1847 αἰρικιρημῼῦρέ]
1944 1801 2018 1838 Va·-

1165 1847 1256 1883 cillat
1273 1845 1504 1890 Graecismus,
1530 1858 1595 1881 nec
1618 1848 1775 1896 loquutio
1801 1848 1848 1883 est
1871 1851 2017 1899 integra.

1167 1897 1268 1932 Unde
1291 1894 1553 1931 emendatiffime
1581 1896 1712 1943 profert
1737 1897 1821 1933 liber
1839 1899 1915 1934 MS.
1932 1903 1972 1934 ὸκ
1987 1905 2017 1936 ἓ

1163 1945 1367 1991 πολεμάρχων
1392 1948 1494 1991 οἱςοιιξ.
1545 1944 1661 1980 Etiam
1691 1946 1890 1983 Herodotus
1921 1947 2018 1985 addit

1162 1995 1451 2043 praepofitionem.

1212 2046 1296 2091 438,
1315 2043 1368 2090 38.
1402 2043 1589 2092 sanabala]
1624 2043 1707 2079 Hoc
1723 2043 1801 2080 loco
1815 2044 1918 2081 habet
1933 2046 2013 2082 MS.

1162 2093 1296 2129 chamaio.

1210 2144 1294 2188 438,
1310 2151 1368 2187 43.
1401 2145 1455 2180 τῖς
1480 2144 1511 2176 ἐν
1540 2142 1736 2188 Θεωοιλλμ]
1773 2142 1829 2178 Sic
1854 2153 2013 2180 accurate

1163 2191 1341 2238 respondet
1356 2188 1630 2225 antecedentibus
1648 2195 1678 2226 ὲν
1691 2191 1918 2239 Θερμοπύλῃζι.
1943 2193 2013 2229 Sed

1164 2252 1254 2276 nune
1271 2241 1307 2274 in
1321 2239 1443 2274 eodem
1462 2239 1538 2273 MS.
1555 2238 1681 2287 legitur
1695 2242 1723 2275 ’τε
1740 2246 1768 2277 ἐς
1783 2246 1964 2282 Θεω-ωλῐην.

1213 2301 1296 2336 439,
1312 2301 1345 2330 9.
1379 2287 1451 2326 l—f'cln
1470 2287 1504 2322 τᾶ
1515 2289 1693 2335 Α’ςτεμίςιον
1709 2290 1894 2338 Sakatia]
1931 2290 2011 2327 MS.

1165 2341 1266 2383 clinzf).
1295 2339 1340 2373 Et
1358 2336 1492 2372 sufficit.

1210 2401 1295 2434 439,
1320 2397 1370 2433 15.
1405 2389 1494 2420 Ε’ἔσω
1515 2385 1655 2432 draconi-‘⁴735
1668 2386 1780 2434 μένη]
1814 2388 1898 2424 Vox
1915 2389 2011 2437 prim:

1162 2450 1231 2472 non
1249 2437 1297 2471 est
1313 2436 1348 2471 in
1366 2434 1446 2471 MS.

1208 2499 1292 2534 4352,
1304 2497 1358 2519 21.
1391 2484 1472 2529 τόγε
1489 2483 1658 2530 amandu]
1695 2484 1780 2520 Satis
1797 2487 1939 2522 omnino
1955 2486 2012 2524 fo-'

1162 2546 1213 2571 ret
1231 2537 1300 2570 aliis
1318 2548 1325 2569 :
1352 2532 1405 2568 sed
1422 2544 1492 2568 non
1513 2533 1694 2568 Herodoto
1709 2559 1721 2578 ,
1748 2536 1803 2569 cui
1829 2547 1919 2571 nunc
1937 2536 2009 2585 pla-

1163 2585 1235 2619 cuit
1251 2581 1416 2619 abundare
1431 2606 1443 2626 ‚
1469 2591 1506 2616 ut
1532 2582 1634 2618 docet
1656 2584 1807 2631 optimus
1823 2585 1903 2620 MS.
1920 2584 1954 2620 τό
1967 2599 2009 2631 γε

1163 2634 1340 2669 τοποιλοιιᾶν.

1209 2694 1295 2728 439,
1307 2682 1360 2715 28.
1386 2683 1430 2714 Ε’κ,
1441 2682 1608 2727 ΘεαπςωἹῶν
1626 2680 1772 2720 οἰκιῖσονἹες
1789 2683 1856 2729 yla?
1873 2682 1926 2720 alu)
1944 2689 2007 2718 Αἷσ-

1162 2731 1266 2777 λίδοι]
1297 2731 1353 2765 An
1366 2730 1472 2778 igitur
1487 2728 1522 2763 δί
1537 2729 1626 2777 apud
1643 2729 1856 2778 Thesprotos
1870 2731 1916 2766 est
1930 2730 2007 2766 sub-

1162 2780 1230 2815 oles
1239 2778 1408 2814 AEolidis?
1432 2788 1490 2813 aut
1505 2778 1539 2812 in
1554 2778 1756 2826 Thespi-otis
1766 2778 1914 2815 Thessali
1929 2779 2007 2827 pos-

1160 2828 1314 2864 sederunt
1344 2827 1461 2866 AEolin
1477 2826 1490 2861 ?
1518 2828 1604 2862 Non
1630 2828 1786 2876 intelligo
1801 2853 1813 2872 ,
1844 2829 2006 2876 quemad-

1160 2877 1303 2913 modum
1329 2876 1419 2912 doeti
1442 2875 1583 2910 lectores
1601 2878 1776 2925 potuerint
1791 2875 1877 2911 istud
1894 2889 2006 2912 narra-

1160 2927 1261 2961 tionis
1284 2938 1390 2974 gcnus
1414 2936 1633 2972 componere.
1682 2925 1812 2971 Utique
1836 2924 1933 2960 Valla
1958 2925 2007 2961 fic

1159 2975 1314 3022 exposuit
1326 3000 1337 3020 ‚
1362 2973 1397 3008 ἃ
1413 2974 1537 3021 opinor
1553 2974 1689 3009 credere
1712 2972 1851 3008 leetorcs
1868 2974 1935 3009 huc
1952 2973 2008 3010 us-

1159 3036 1225 3071 que
1240 3035 1376 3067 omnes,
1392 3035 1497 3070 quum
1518 3022 1558 3058 fit
1573 3022 1776 3058 falfiffimum
1792 3022 1828 3057 &
1846 3021 2008 3059 absurdis-

1160 3072 1280 3107 fimum
1306 3074 1340 3107 in
1359 3072 1590 3120 Geographia.
1639 3069 1873 3106 Laudabiliter
1888 3073 2007 3122 itaque

1157 3122 1191 3156 in
1207 3122 1340 3168 optimo
1365 3121 1445 3157 MS.
1467 3120 1574 3157 exstat
1598 3120 1752 3162 nimie-miss
1767 3144 1779 3165 ,
1802 3121 1896 3170 quod
1918 3123 2006 3158 aori-

1916 3171 2007 3215 stum
