2112 3621
262 257 343 298 668

272 322 394 370 pungit
411 346 422 364 ,
455 322 594 366 citoque
625 315 877 365 praesentissima
903 328 994 351 mors
1019 315 1077 350 est.

271 369 378 415 Quod
405 368 428 403 si
455 369 527 416 quis
550 367 681 402 eminus
705 375 824 400 contra
849 375 979 414 pugnat
996 391 1006 409 ,
1042 363 1079 399 &

272 429 348 454 ante
364 416 504 453 caudam
527 417 659 464 erigens
679 441 691 460 ‚
716 425 755 450 ut
772 427 815 449 ex
840 427 918 449 arcu
934 440 946 458 ‚
972 413 1008 448 &
1026 425 1077 449 re-

273 479 327 504 tro
343 466 468 502 discere
484 467 682 513 intorquens
709 464 775 499 tela
786 464 881 512 jacit.
903 462 1018 509 Jactus
1036 461 1077 497 ad

274 516 400 566 plethri
423 514 675 564 longitudinem
700 513 868 561 pertingit
888 526 894 547 :
921 512 956 547 &
980 511 1078 560 quos-

275 577 410 617 cunque
439 564 517 600 ferit
535 590 546 607 ,
580 564 632 598 his
655 573 781 598 certam
808 562 910 596 infert
936 573 1078 604 necem,

277 624 425 662 excepto
441 614 635 662 elephanto.
669 611 807 660 Spicula
823 610 916 659 pedis
930 610 1081 659 longitu-

278 664 393 699 dinem
417 663 543 698 habent
561 662 596 697 &
611 661 825 699 latitudinem
845 660 941 709 junci
958 657 1082 694 tenuis-

281 712 366 747 fimi.
393 712 605 748 Martichora
621 711 754 746 Graecis
772 708 865 744 sonat
881 709 1083 756 Anthropo-

279 762 432 810 phagum
449 787 461 806 ,
495 761 587 809 quod
613 770 652 795 ut
682 765 689 778 ¹
716 759 902 808 plurimum
929 757 1084 793 homines

280 821 379 846 necat
394 811 430 846 &
446 809 563 846 cibum
587 808 679 844 facit.
722 808 806 842 Aliis
832 818 946 842 tamen
972 805 1085 841 bestiis

280 872 418 908 quoque
432 859 586 895 vescitur.
612 868 809 906 pugnatque
828 866 896 891 tam
915 855 1086 904 unguibus

280 921 381 956 quam
405 909 528 944 aculeis
544 934 555 952 ,
581 908 638 956 qui
652 906 832 954 jaculando
850 904 947 940 cffufi
971 904 1084 938 denuo

280 957 508 993 renascuntur.
541 958 711 1004 Frequens
734 955 766 990 id
783 966 889 1004 genus
910 953 1019 988 beluae
1036 951 1084 986 est

280 1008 316 1041 in
335 1006 441 1044 India.
492 1005 712 1041 Interficiunt
735 1017 787 1039 eas
805 1004 958 1038 homines
978 1001 1002 1036 s1
1017 1001 1084 1035 ele-

279 1056 463 1103 phantibus
489 1054 611 1090 veEtati
638 1053 717 1088 inde
743 1053 869 1101 sagittis
901 1053 1085 1097 impetunt.

282 1105 338 1139 De
364 1105 456 1140 Indis
482 1114 618 1147 narrat,
651 1101 744 1149 quod
770 1102 835 1136 smt
856 1099 1023 1149 justisfimi
1050 1098 1086 1132 ὃς

280 1153 388 1188 multa
404 1153 506 1189 habet
527 1152 569 1187 de
586 1151 737 1187 moribus
762 1150 908 1199 ipsorum
932 1149 966 1184 ὅ(
984 1148 1085 1182 statu-

281 1202 334 1237 tis.
368 1202 428 1237 Est
448 1202 494 1237 ibi
517 1202 559 1236 de
585 1201 676 1236 sacro
693 1201 839 1247 quodam
858 1198 1030 1234 territorio
1049 1197 1084 1231 in

280 1251 421 1299 regione
438 1249 669 1293 inhabitabili,
694 1249 785 1296 quod
803 1250 942 1283 nomine
953 1245 1084 1282 Solis&

281 1300 392 1334 Lunae
416 1309 629 1335 venerentur.
682 1297 737 1332 Ad
762 1297 854 1345 quod
879 1309 925 1332 xv
951 1295 1084 1330 dierum

280 1348 391 1395 spacio
408 1349 427 1383 a
443 1348 549 1384 Sardo
566 1357 683 1382 monte
704 1346 804 1381 alicui
819 1346 883 1381 iter
923 1354 992 1380 atet
1008 1369 1019 1388 ,
1045 1356 1084 1378 u-

280 1397 314 1432 bi
331 1409 391 1445 per
406 1409 501 1432 xxxv
518 1397 587 1432 dies
602 1394 758 1442 quolibet
779 1406 868 1429 anno
896 1395 930 1429 ol
945 1392 1086 1440 refrige-

279 1456 329 1481 rat
345 1472 356 1490 ,
382 1446 484 1493 idque
501 1454 642 1493 propter
666 1442 788 1478 festum
804 1468 816 1487 ‚
841 1452 881 1478 ut
904 1444 989 1478 citra
1004 1442 1086 1476 adu-

278 1495 421 1529 stionem
439 1493 522 1528 illud
538 1502 701 1541 peragant
716 1492 752 1527 &
769 1501 991 1527 revertantur.
1008 1489 1086 1524 To-

278 1544 388 1578 nitrua
405 1542 441 1576 &
457 1542 592 1590 fulgura
610 1542 645 1576 &
662 1540 787 1588 pluviae
806 1552 875 1575 non
890 1539 966 1574 sunt
981 1539 1017 1573 in
1028 1538 1085 1572 In-

278 1593 351 1636 dia,
362 1591 416 1627 sed
431 1593 525 1627 venti
541 1590 576 1625 &
592 1590 753 1638 presteres
770 1589 888 1624 multi:
915 1588 975 1635 qui
989 1587 1085 1635 quic-

277 1640 359 1690 quid
376 1641 616 1688 corripuerunt
627 1638 786 1683 ,tollunt.
813 1637 873 1673 Sol
888 1638 991 1672 etiarn
1008 1635 1086 1684 post

277 1700 435 1725 exortum
455 1688 635 1724 dimidium
652 1687 719 1723 diei
743 1686 851 1736 frigus
872 1684 980 1721 efficit
999 1698 1007 1720 ε
1033 1696 1086 1720 re-

276 1740 407 1787 liquum
424 1737 522 1787 supra
543 1737 686 1772 modum
709 1735 757 1771 est
772 1734 942 1771 torridum
960 1735 995 1770 in
1010 1734 1087 1782 plu·-

277 1789 369 1823 rimis
388 1787 495 1822 Indiae
511 1787 604 1822 locis.
632 1785 797 1821 Indorum
814 1783 960 1833 nigredo
976 1795 1048 1819 non
1068 1782 1088 1817 a

278 1837 344 1872 sole
360 1836 408 1871 est
424 1862 436 1881 ,
461 1835 515 1871 sed
531 1845 658 1871 natura.
684 1835 773 1870 Sunt
787 1835 879 1869 enim
898 1834 986 1868 inter
1001 1831 1087 1880 ipsos

279 1886 315 1921 8<
334 1886 397 1921 viri
421 1887 455 1920 &
474 1885 629 1920 mulieres
653 1882 875 1918 candidiffimi
891 1909 903 1928 ,
929 1883 1010 1917 licet
1025 1894 1087 1917 nu-

280 1948 374 1970 mero
390 1936 576 1982 pauciores.
617 1933 664 1968 Et
680 1931 796 1967 vidisse
819 1931 849 1967 se
868 1932 949 1967 tales
964 1943 1008 1966 ex
1027 1931 1084 1965 In-

278 1984 331 2019 dia
348 1984 490 2018 seminas
506 1983 584 2017 duas
602 1982 636 2018 ὃ(
656 1994 678 2016 ν
695 1981 785 2016 viros
800 1980 918 2016 aurstor
934 1980 1085 2015 testatur.

280 2033 398 2067 Fidem
415 2032 596 2067 narrationi
613 2031 655 2066 de
676 2029 743 2066 sole
762 2030 930 2066 adstruere
949 2029 1087 2073 volens,

280 2082 372 2128 quod
397 2092 492 2115 xxxv
517 2080 587 2115 dies
620 2081 655 2114 in
682 2079 778 2115 India
811 2079 940 2127 frigore
973 2079 1086 2113 a‘e'rem

282 2139 449 2178 temperet
465 2154 476 2172 ,
500 2129 592 2163 addit
609 2154 620 2172 ,
646 2130 718 2176 igni
748 2140 791 2164 ex
817 2129 928 2162 AEtna
953 2138 1088 2175 proma-

282 2188 381 2213 nante
406 2189 485 2212 cum
508 2177 570 2211 alia
593 2178 784 2212 evastentur
798 2202 810 2221 ,
841 2176 957 2211 locum
980 2186 1086 2223 quen-

281 2228 357 2261 dam
374 2227 408 2260 in
424 2225 537 2260 medio
558 2251 569 2269 ,
595 2224 653 2260 ubi
674 2226 748 2271 justi
766 2225 892 2274 degant
912 2225 1087 2269 homines,

283 2288 352 2310 non
367 2274 515 2309 evastari.
555 2274 669 2309 Etiam
694 2275 727 2308 in
743 2274 926 2321 Zacyntho
951 2272 1087 2308 scaturi-

280 2325 375 2373 gines
391 2323 454 2358 esse
479 2322 645 2370 pisciferas
664 2348 676 2367 ,
703 2322 792 2357 unde
816 2323 875 2370 pix
895 2323 1083 2357 hauriatur:

282 2376 383 2421 inque
400 2373 506 2407 Naxo
533 2372 664 2406 fontem
682 2397 693 2416 ,
719 2371 809 2406 unde
825 2383 957 2406 merum
972 2370 1089 2406 admo-

284 2423 365 2458 dum
383 2421 481 2457 dulce
499 2420 701 2468 quandoque
723 2419 881 2468 profluat.
931 2420 979 2454 Et
996 2419 1089 2466 quod

284 2472 370 2520 ignis
389 2471 427 2505 s1t
439 2472 538 2518 juxta
549 2468 756 2504 Phaselidem
775 2467 1089 2511 immortalis,sem-

287 2533 346 2569 per
360 2520 475 2555 ardens
500 2520 535 2554 in
559 2528 653 2566 petra
670 2518 740 2552 dies
765 2528 867 2565 atque
893 2515 1009 2551 ηοὲὶεε
1027 2528 1090 2551 nec

286 2569 374 2604 unda
398 2568 632 2616 exstinguatur
651 2592 662 2611 ,
688 2566 743 2601 sed
769 2567 875 2614 magis
899 2566 1090 2600 inflamme-

288 2629 359 2653 tur:
387 2617 441 2653 sed
457 2617 562 2651 storea
577 2617 713 2651 tandem
729 2614 899 2650 dometur.
925 2615 965 2649 In
982 2614 1093 2650 media

288 2667 382 2702 India
400 2667 555 2700 homines
570 2675 677 2713 agunt
694 2664 804 2712 nigri,
820 2663 856 2698 δε
871 2664 1092 2698 nominantur

288 2716 464 2765 Pygmaei,
475 2715 589 2762 lingua
606 2714 624 2748 a
640 2715 759 2749 ceteris
776 2712 867 2747 Indis
883 2724 953 2747 non
970 2711 1091 2747 discre-

288 2774 402 2811 pantes
420 2778 427 2798 :
455 2762 508 2797 sed
526 2764 647 2799 statura
663 2774 822 2810 perquam
841 2761 968 2808 pusilla.
997 2760 1092 2796 Nam

288 2812 469 2860 longissimi
502 2824 619 2846 eorum
652 2812 749 2846 binos
782 2809 916 2845 cubitos
941 2810 1091 2858 plerique

288 2860 546 2907 sesquicubitum
565 2862 750 2910 attingunt.
785 2859 935 2906 Capillus
952 2860 997 2894 eis
1013 2872 1091 2907 pro-

288 2907 460 2943 lixiffimus
479 2909 671 2945 demittitur
688 2909 791 2944 etiam
806 2908 848 2943 ad
864 2919 974 2956 genua
990 2907 1091 2955 usque

290 2958 324 2994 ὃς
343 2956 489 2991 inferius.
539 2956 661 2991 Barbas
684 2958 772 2991 inter
793 2956 950 2991 mortales
966 2956 1092 2991 habent

290 3006 463 3040 maximas.
502 3005 617 3050 Quare
632 3004 689 3039 ubi
713 3005 753 3039 ad
771 3004 894 3051 justam
912 3016 1092 3040 excrevere

478 249 763 294 CTESIAE
811 246 1273 290 INDICORUM
1319 244 1723 288 EXCERPTA

1128 313 1399 362 magnitudinem
1427 338 1438 358 ,
1469 314 1577 349 vestes
1608 315 1752 362 amplius
1784 324 1854 349 non
1886 312 1938 346 in-

1127 362 1256 406 duunt,
1280 362 1334 396 sed
1350 363 1489 410 capillos
1506 369 1596 411 pone
1613 363 1802 399 demittunt
1819 361 1859 397 ab
1877 373 1938 397 oc-

1128 412 1250 460 cipitio
1267 410 1352 445 infra
1370 412 1516 459 poplites
1534 411 1570 446 &
1587 412 1700 448 barbae
1718 413 1826 447 crines
1842 410 1937 459 pedi-

1127 461 1189 495 bus
1200 470 1297 495 tenus
1313 469 1391 494 ante
1407 461 1627 507 protendunt.
1656 462 1750 496 Hinc
1767 460 1868 495 denso
1886 459 1938 507 pi-

1127 510 1239 544 lorum
1248 507 1374 545 amifiba
1390 518 1503 545 totum
1520 510 1735 558 circumsepti
1743 520 1867 560 corpus
1877 521 1937 544 zo-

1131 571 1173 593 na
1189 571 1245 593 eos
1262 557 1505 606 constringunt
1515 583 1526 601 ,
1536 557 1572 593 3<
1582 571 1645 606 pro
1661 559 1784 594 vestitu
1799 557 1939 594 habent.

1132 608 1267 656 Inguen
1284 606 1469 654 praeferunt
1486 606 1626 642 crassum
1643 607 1679 642 ὅ(
1694 608 1865 655 prolixum
1877 631 1888 649 ,
1899 605 1940 641 ut

1133 656 1169 691 &
1184 656 1224 691 ad
1242 656 1326 691 talos
1342 655 1427 703 ipsos
1444 656 1628 704 pertingat.
1653 654 1857 706 Compreffis
1865 654 1938 690 sunt

1134 704 1267 740 naribus
1284 704 1319 739 ὅ(
1330 704 1509 739 deformes.
1536 705 1664 740 Pecora
1679 705 1803 741 horum
1814 729 1825 749 ,
1845 715 1940 748 oves,

1133 753 1256 798 boves,
1266 753 1346 788 alini
1356 779 1367 797 ,
1379 753 1615 802 magnitudine
1632 755 1750 790 arietes
1764 766 1833 788 non
1850 752 1940 787 mul-

1135 814 1209 837 tum
1228 802 1400 837 excedunt
1419 817 1426 838 ;
1453 804 1531 851 equi
1548 804 1651 839 etiam
1677 804 1713 838 ὅ(
1728 802 1812 838 muli
1831 802 1866 837 &
1883 813 1940 836 ce-

1135 853 1365 899 tei'ajumenta
1383 852 1500 887 arietes
1514 851 1602 887 nihil
1618 852 1784 901 superant.
1802 850 1939 887 Sectan-

1135 910 1191 935 tur
1210 900 1374 935 Indorum
1397 912 1513 949 regem
1538 913 1779 950 pygmaeorum
1803 900 1940 935 circiter

1134 962 1173 983 111
1191 949 1304 984 millia.
1332 950 1505 997 Sagittarii
1520 951 1612 985 enirn
1626 950 1701 986 sunt
1717 950 1859 1000 egregii.
1881 950 1938 997 ju-

1136 998 1260 1033 stiffimi
1284 999 1420 1032 interim
1437 1023 1448 1042 ,
1475 998 1511 1032 δί
1533 998 1574 1033 ad
1598 999 1763 1036 Indorum
1789 1000 1880 1047 leges
1907 997 1938 1032 se

1136 1047 1364 1082 conformant.
1405 1047 1558 1094 Lepores
1575 1047 1611 1082 ὃ(
1627 1048 1745 1096 vulpes
1760 1060 1831 1083 non
1847 1047 1939 1082 cani-

1136 1097 1197 1131 bus
1212 1122 1223 1141 ,
1249 1096 1303 1131 sed
1318 1096 1429 1131 corvis
1445 1096 1480 1130 ὃ(
1496 1096 1621 1143 milviis
1638 1096 1674 1131 &
1691 1095 1886 1132 cornicibus
1904 1107 1939 1133 a·

1135 1145 1298 1194 quilisque
1312 1154 1489 1181 venantur.
1531 1146 1699 1195 Stagnum
1717 1146 1765 1181 est
1789 1144 1879 1193 apud
1898 1143 1939 1181 il-

1134 1195 1183 1230 los
1200 1206 1296 1229 mccc
1320 1199 1332 1213 ²
1349 1193 1450 1228 stadia
1467 1194 1501 1228 in
1525 1196 1673 1230 circuitu
1691 1195 1914 1243 complexum
1925 1216 1938 1236 ‚

1133 1244 1167 1277 in
1183 1256 1273 1292 quo,
1286 1242 1309 1277 fi
1326 1252 1448 1277 ventus
1463 1241 1678 1290 superficiem
1695 1257 1766 1280 non
1780 1255 1938 1278 commo-

1133 1302 1190 1327 vet
1206 1318 1218 1337 ,
1245 1293 1360 1327 oleum
1381 1291 1572 1338 supernatat
1590 1305 1597 1327 :
1626 1304 1686 1340 per
1702 1292 1795 1341 quod
1818 1291 1938 1327 lembis

1133 1341 1222 1376 νεὲὶί
1237 1366 1249 1385 ,
1274 1353 1318 1376 ex
1343 1340 1458 1375 medio
1483 1341 1520 1374 in
1548 1339 1643 1376 usum
1670 1339 1765 1377 suum
1797 1340 1940 1389 scaphiis

1135 1390 1306 1425 hauriunt.
1357 1389 1491 1425 Sesamo
1508 1399 1621 1425 tamen
1646 1390 1784 1426 interim'
1800 1400 1939 1438 quoque

1135 1448 1280 1474 utuntur
1297 1438 1333 1473 &
1351 1438 1369 1473 ἐ
1384 1438 1603 1486 juglandibus
1619 1440 1794 1487 expresso:
1818 1437 1874 1483 sed
1891 1438 1938 1473 la-

1135 1487 1245 1521 custre
1267 1487 1316 1522 est
1337 1487 1558 1534 praestantius.
1609 1488 1717 1526 Pisces
1731 1490 1834 1524 etiam
1849 1488 1939 1523 lacus

1135 1535 1193 1570 hic
1209 1535 1280 1570 alit.
1305 1537 1438 1583 Magna
1452 1535 1580 1570 ibidem
1601 1548 1637 1571 ar
1664 1537 1735 1572 enti
1751 1538 1851 1586 copia
1866 1562 1879 1582 ‚
1902 1535 1940 1571 &

1134 1582 1398 1634 argentifodinae
1414 1595 1484 1618 non
1499 1583 1625 1632 profun
1651 1597 1691 1619 ae.
1732 1585 1937 1620 Profundio-

1134 1646 1185 1669 res
1202 1633 1293 1668 enim
1310 1632 1375 1667 esse
1391 1632 1575 1680 perhibent
1588 1634 1624 1669 in
1639 1632 1778 1670 Baetris.
1811 1633 1941 1668 Produ-

1135 1683 1185 1718 cit
1208 1681 1307 1717 fimul
1330 1693 1449 1717 aurum
1468 1682 1566 1717 India
1585 1709 1597 1728 ,
1623 1681 1717 1735 quod
1735 1692 1849 1720 tamen
1873 1693 1943 1721 non

1135 1732 1171 1767 in
1187 1731 1299 1767 fluviis
1320 1731 1495 1779 reperiunt
1510 1757 1522 1776 ,
1547 1731 1734 1782 eluuntque
1749 1758 1761 1777 ,
1787 1742 1826 1768 ut
1851 1730 1892 1766 fit
1907 1731 1944 1766 in

1139 1786 1150 1807 ³
1166 1779 1308 1816 Pactolo
1332 1780 1451 1815 fluvio.
1503 1780 1570 1816 Sed
1587 1781 1697 1820 crebri
1712 1781 1748 1817 δῖ
1766 1782 1847 1817 vasti
1867 1781 1943 1816 sunt

1136 1840 1270 1865 montes
1285 1855 1297 1874 ,
1323 1840 1407 1877 quos
1424 1829 1585 1878 Gryphes
1600 1830 1816 1880 frequentant
1832 1857 1845 1876 ,
1867 1841 1944 1868 aves

1137 1878 1369 1928 quadrupedes
1387 1903 1398 1922 ,
1431 1891 1509 1926 quae
1534 1881 1771 1929 magnitudine
1801 1881 1942 1930 lupum,

1134 1927 1288 1963 cruribus
1299 1927 1334 1962 &
1349 1927 1522 1975 unguibus
1539 1928 1673 1964 leonem
1690 1929 1942 1979 repraesentant.

1137 1978 1263 2025 Nigrae
1287 1987 1403 2011 cetero
1429 1978 1463 2011 in
1489 1989 1637 2026 corpore
1662 1991 1785 2028 pennae
1799 2004 1812 2024 ,
1835 1978 1942 2015 sedin
1982 1991 1985 2000 ¹

1135 2025 1334 2073 praecordiis
1357 2025 1478 2060 rubrae.
1512 2026 1576 2062 Per
1592 2027 1649 2063 has
1673 2027 1714 2063 fit
1729 2054 1741 2072 ,
1766 2038 1805 2063 ut
1821 2039 1941 2063 aurum

1137 2075 1218 2109 illud
1235 2075 1269 2110 in
1295 2073 1470 2109 montibus
1493 2086 1536 2109 co
1563 2075 1669 2113 iosum
1686 2075 1871 2111 difficulter
1885 2088 1940 2111 ac·

1137 2124 1224 2170 quiri
1242 2122 1352 2171 poffit.
1378 2123 1471 2158 Oves
1487 2088 1650 2161 Ιηέοηιῐη
1669 2123 1852 2172 &capellae
1869 2136 1939 2160 ma-

1134 2173 1224 2220 jores
1240 2171 1335 2207 asinis
1353 2184 1360 2206 :
1388 2170 1424 2205 &
1439 2181 1620 2219 quaternos
1644 2173 1779 2220 pariunt
1796 2199 1808 2218 ,
1834 2171 1940 2209 senos-

1137 2233 1203 2268 que
1211 2231 1249 2256 ut
1258 2221 1453 2269 plurimum.
1480 2219 1610 2255 Caudae
1626 2221 1677 2257 his
1692 2222 1852 2270 prolixae,
1862 2234 1941 2270 quas

1138 2269 1300 2305 matribus
1322 2277 1499 2316 amputant
1514 2295 1526 2313 ,
1552 2281 1591 2304 ut
1613 2269 1800 2306 admiffioni
1825 2270 1890 2306 fint
1906 2283 1940 2306 a-

1139 2319 1276 2365 ptiores.
1317 2320 1379 2354 Sus
1393 2326 1505 2352 autem
1531 2329 1594 2352 nec
1610 2319 1705 2354 cicur
1725 2332 1788 2354 nec
1804 2320 1942 2369 agrestis

1140 2367 1283 2402 habetur
1299 2368 1333 2401 in
1351 2366 1456 2401 India.
1491 2367 1616 2401 Palmae
1635 2367 1724 2416 apud
1744 2368 1865 2413 Indos,
1883 2370 1941 2404 ha-

1140 2428 1283 2464 rumque
1299 2414 1435 2465 glandes
1457 2415 1562 2463 triplo
1579 2417 1776 2464 grandiores
1794 2417 1941 2466 Babylo-

1138 2466 1210 2500 niis.
1244 2465 1364 2500 Amnis
1380 2462 1515 2511 quidam
1539 2477 1582 2499 ex
1600 2476 1695 2513 petra
1713 2466 1781 2501 mel
1800 2467 1942 2513 profun-

1139 2514 1199 2549 dit.
1238 2513 1353 2550 Multa
1373 2512 1497 2547 dehinc
1516 2525 1767 2550 commemorat
1784 2516 1826 2551 de
1843 2516 1942 2565 justi-

1141 2564 1187 2598 tia
1203 2563 1408 2604 incolarum,
1419 2560 1454 2595 Sc
1470 2560 1580 2598 studio
1597 2575 1677 2613 erga
1695 2576 1834 2614 regem,
1850 2577 1941 2600 mor-

1142 2612 1248 2660 tisque
1272 2620 1485 2658 contemptu.
1534 2611 1624 2647 Fons
1660 2612 1707 2647 ibi
1739 2612 1788 2649 est
1807 2638 1818 2657 ‚
1845 2615 1942 2661 cujus

1141 2660 1389 2710 quamprimum
1410 2657 1551 2695 hauseris
1567 2673 1687 2709 aquam
1697 2687 1709 2707 ‚
1719 2662 1754 2696 in
1769 2660 1851 2696 casei
1867 2657 1942 2696 mo·

1140 2722 1209 2745 rem
1233 2708 1440 2756 coagulatur.
1488 2710 1544 2744 De
1568 2710 1750 2760 coagulato
1767 2711 1835 2745 hoc
1859 2722 1941 2745 con-

1141 2760 1259 2794 tritum
1279 2756 1302 2792 fi
1326 2757 1366 2791 ad
1383 2758 1485 2792 trium
1504 2757 1648 2794 obolum
1667 2758 1798 2807 pondus
1812 2758 1942 2794 dederis

1141 2807 1238 2842 alicui
1265 2818 1343 2840 cum
1372 2818 1456 2852 aqua
1481 2806 1667 2842 bibendum
1686 2832 1698 2851 ,
1730 2819 1942 2855 quaecunque

1142 2855 1310 2904 peregerit
1327 2856 1495 2890 enunciat.
1537 2855 1660 2891 Utitur
1673 2867 1714 2890 eo
1733 2867 1791 2892 rex
1809 2855 1831 2889 fi
1849 2867 1941 2903 quae-

1142 2905 1248 2939 stione
1264 2902 1306 2938 de
1323 2903 1385 2938 reis
1403 2902 1556 2938 habenda
1571 2915 1688 2939 verum
1704 2903 1879 2952 explorare
1896 2904 1940 2940 fii-

1141 2953 1238 3001 tagit.
1272 2950 1437 2986 confessus
1455 2977 1466 2995 ,
1492 2961 1638 2986 mortem
1657 2952 1717 2987 fibi
1740 2951 1943 2988 consciscere

1136 3003 1297 3051 jubetur,
1322 3011 1390 3033 non
1408 2999 1584 3036 convifitus
1599 2998 1656 3035 suo
1672 2999 1772 3049 ipsius
1790 3000 1941 3037 testimo-

1866 3063 1944 3096 nio,

334 3150 357 3167 1.
379 3142 407 3166 In
422 3140 530 3176 exemplo
545 3137 678 3173 mendofins
691 3137 809 3173 a'ajssrv'pto
823 3146 876 3164 crat
892 3146 919 3164 ut
936 3137 1003 3174 pluri
1013 3138 1147 3166 homines,
1172 3147 1216 3162 ηρ)-
1231 3138 1315 3172 imque
1328 3134 1366 3161 edi
1384 3134 1491 3169 jnfh'mur
1504 3134 1664 3171 plurimum.
1704 3146 1728 3164 2.
1747 3133 1832 3165 stadia
1842 3138 1942 3174 fitpple-

292 3188 317 3213 -vi
332 3178 439 3214 omsffiaem
451 3178 466 3204 ιὶ
474 3177 566 3214 firiba.
611 3188 621 3209 3
651 3179 681 3203 Er
699 3176 734 3201 ll..)
749 3176 903 3210 amanuensis
912 3177 1004 3211 fiiltem
1012 3178 1145 3213 scriplbrar
1162 3175 1242 3203 Pactu

1340 3174 1389 3201 <ed
1406 3190 1407 3193 =
1422 3184 1430 3199 .-
