2112 3621
346 208 423 260 832

352 273 413 308 ista
430 272 640 307 contumelia
656 298 667 315 ,
695 284 796 320 atque
813 274 889 309 idco
906 277 932 310 is
949 275 1157 321 potissimum

350 321 494 367 Astyagi
509 321 682 367 querelam
698 322 843 368 detulit,
859 336 929 359 non
948 324 1047 359 filius.
1074 325 1158 360 Por-

352 378 408 403 tus
426 370 501 403 inv.
521 372 737 416 Ε’πιμέμφεοῢζς
753 384 822 406 non
836 373 899 408 alia
913 374 1158 419 retulit,quam

353 416 411 455 ιὶἷςε
432 419 452 451 >÷
470 418 513 452 σὲν
533 423 637 454 ποᾶδοι
657 420 699 465 pm?
723 422 964 467 ὒὲπμέμφεοθαμ
1015 423 1079 458 Sed
1096 423 1158 457 do-

353 477 522 502 cumento
536 469 639 503 etiam
659 470 717 503 hic
732 470 826 505 locus
841 473 924 515 erit,
937 483 1103 519 quantum
1119 471 1159 507 fi-

355 514 399 550 de
415 515 593 563 exsuperet
608 530 727 553 omues
741 519 821 554 alios
837 520 949 555 codex
968 521 1160 565 MediceuS,

354 564 393 598 in
408 577 476 612 quo
491 566 617 613 legitur
633 570 668 603 ὥς
686 583 717 602 τε
737 584 767 603 σε
792 567 814 605 d
839 573 943 604 παῖδα,
968 571 988 604 θ’
1007 570 1051 604 cdv
1068 581 1103 602 ut
1122 572 1159 606 ὠ·

354 622 392 647 tu
413 615 452 650 (ῤ’
462 614 554 657 filius
568 626 652 650 tuus.
703 617 800 662 Qiid
815 618 928 666 potest
948 629 1006 654 aut
1026 619 1160 654 mollius

353 661 502 709 proferri
517 673 574 698 aut
591 666 808 701 commodius
823 667 957 715 optari?

403 710 529 758 48942.
558 713 814 754 Μενωθὲνῖἆτάὸε
831 717 916 751 aon&
926 716 1042 763 εἴρετο]
1070 717 1161 751 Haec

357 760 517 796 omnibus
531 765 679 798 numeris
696 764 870 810 constant,
897 764 932 799 &
950 765 1020 800 fere
1035 765 1160 812 aliquid

357 808 506 856 scrupuli
523 813 671 848 moverit
689 813 747 848 hic
764 814 858 849 locus
873 814 916 849 de
936 814 1161 849 existimatio-

356 869 400 892 ne
410 859 533 905 optimi
548 860 688 896 codicis.
716 862 873 911 Nequivi
887 873 1000 899 tamen
1014 876 1055 898 ne
1070 873 1161 897 nunc

357 907 497 954 quidem
520 910 650 956 opinari
678 912 713 946 in
737 924 779 946 eo
801 912 866 947 effe
883 912 1010 959 aliquid
1026 937 1038 956 ‚
1069 910 1161 958 quod

355 956 524 991 decedere
544 958 665 994 debeat
687 960 769 994 aliis.
818 961 905 996 Sane
924 960 1069 996 verbum
1093 960 1162 995 hoc

355 1004 420 1038 effe
436 1004 472 1039 ὃ(
487 1005 636 1052 probum
658 1008 694 1042 ἃ
708 1009 952 1044 Herodoteum
973 1022 1076 1044 nemo
1090 1022 1161 1044 am-

354 1052 451 1099 bigat
464 1078 475 1096 ,
509 1053 545 1088 &
565 1054 640 1090 loca
661 1057 764 1092 etiam
789 1058 830 1092 ab
848 1059 956 1093 Porto
978 1058 1161 1106 diligenter

353 1110 472 1136 notata
485 1101 520 1136 id
536 1101 611 1138 satis
628 1105 891 1151 affirmaverint,
916 1119 981 1155 pro
1001 1119 1070 1155 quo
1084 1120 1159 1155 cap.

354 1161 423 1191 209
442 1149 569 1186 dicitur
587 1154 754 1190 λ’πυλαὲὠν
772 1161 856 1202 μΞνσν
873 1155 1040 1193 Υ“ςοίαπεοι.
1083 1157 1159 1201 Jarn

353 1210 437 1233 vero
460 1201 506 1234 ita
527 1202 808 1250 intempestivum
832 1217 923 1239 nunc
949 1205 998 1239 est'
1023 1206 1160 1252 partici-

355 1248 452 1293 pium
468 1248 555 1283 istud
566 1275 577 1293 ,
607 1262 646 1286 ut
663 1252 778 1288 locum
799 1253 923 1288 habere
937 1266 1007 1289 non
1020 1254 1160 1298 debeat,

354 1308 461 1342 quum
484 1299 556 1344 jam
576 1300 682 1335 modo
702 1302 867 1348 proximis
889 1302 1000 1338 verbis
1019 1304 1162 1338 rusticus

349 1344 460 1380 dietus
481 1346 584 1382 fuerit
612 1350 815 1392 t'zmaaqffleic
843 1356 946 1395 fagr&
963 1375 974 1394 ‚
1006 1353 1096 1388 unde
1116 1352 1162 1387 se-

353 1395 495 1439 quentia
509 1396 611 1431 verba
632 1410 702 1432 non
723 1399 798 1434 sunt
818 1399 963 1447 separata
976 1426 988 1444 ,
1015 1412 1054 1437 ut
1070 1401 1160 1437 idem

353 1442 502 1476 dicendo
529 1443 565 1477 &
584 1445 739 1481 iterando
759 1446 853 1482 ve‘lut
874 1461 936 1494 per
957 1449 1103 1495 gradum
1126 1463 1160 1485 a-

351 1490 506 1534 scendat,
528 1493 620 1538 quod
641 1493 682 1528 fit
696 1495 882 1531 interdum.
910 1497 994 1531 Hoc
1010 1499 1076 1533 tale
1089 1511 1159 1534 non

349 1537 422 1582 est,
449 1538 486 1572 &
507 1542 651 1587 requirit
676 1543 802 1591 aliquid
825 1545 867 1580 de
896 1546 1046 1595 Astyage
1063 1573 1074 1591 ,
1100 1549 1158 1596 qui

350 1586 443 1621 abire
461 1599 579 1624 omnes
597 1589 672 1625 suos
689 1592 793 1640 juffit.
827 1595 875 1630 Et
897 1594 931 1630 id
947 1596 1023 1631 vult
1042 1597 1156 1631 Hero-

348 1635 461 1670 dotus.
490 1637 647 1674 Omnino
662 1641 773 1677 codex
783 1643 1000 1680 Florentinus
1015 1646 1158 1693 proscri-

350 1683 402 1718 bit
424 1685 493 1720 hoc
524 1689 746 1737 participium
765 1717 777 1736 ,
810 1703 941 1728 temere
963 1694 1033 1729 huc
1056 1694 1159 1742 usque

350 1733 515 1780 porreetis
532 1734 665 1783 syllabis
680 1765 692 1784 ,
718 1753 799 1788 quas
813 1743 843 1777 ei
861 1744 942 1777 voci
956 1743 1158 1779 Herodotus

348 1781 456 1817 modo
470 1792 536 1819 tres
555 1785 694 1824 dederat
709 1814 720 1833 ‚
749 1791 911 1825 nimirum
927 1792 1048 1837 μενόθεν
1065 1792 1153 1828 τάδε.

348 1829 459 1876 Qod
476 1831 499 1867 fi
516 1846 635 1869 verum
652 1837 720 1882 est,
747 1838 833 1874 ficut
850 1852 917 1887 ego
933 1840 1072 1888 quidem
1087 1854 1156 1877 non

347 1878 458 1915 habeo
476 1882 578 1918 ullam
596 1885 725 1921 causam
740 1887 834 1923 secus
849 1888 892 1924 de
911 1901 952 1923 eo
971 1889 1157 1937 statuendi,

348 1940 391 1962 ne
411 1930 497 1965 mihi
513 1932 653 1968 invidia:
670 1934 727 1980 fit,
756 1936 779 1971 fi
794 1936 1017 1984 discurrenti,
1043 1940 1156 1988 inqui-

347 1978 481 2013 renti&
493 1979 608 2016 sedulo
625 1983 792 2020 laboranti
805 1986 933 2033 aliquid
949 2000 1155 2024 occucurre-

348 2026 394 2060 rit
416 2028 449 2062 in
470 2027 624 2066 sermone
647 2034 820 2079 quondam
839 2035 970 2071 Graeco
990 2036 1094 2084 usque
1114 2039 1155 2074 ad

348 2074 437 2110 hanc
460 2087 599 2114 :etatem
620 2082 768 2118 nostram
796 2085 992 2132 ignoratum
1013 2111 1025 2129 a
1051 2087 1154 2122 etiam

347 2122 499 2171 illis,qui
515 2139 623 2175 nuper
631 2129 869 2177 jac‘tantiflime
883 2146 924 2169 eo
941 2134 988 2169 ufi
1003 2134 1153 2171 fuerunt.

346 2171 472 2219 Augeo
489 2176 579 2210 enim
595 2179 754 2215 notitiam
772 2183 843 2228 ejus
862 2184 1074 2230 reparatione
1089 2184 1154 2220 hu-

343 2221 398 2268 jus
419 2223 590 2270 incogniti
613 2226 725 2263 adhuc
745 2230 916 2266 vocabuli.
965 2233 1014 2268 Et
1033 2233 1152 2280 quidni

346 2270 448 2316 hujus
466 2272 623 2308 vocabuli
641 2274 654 2308 ?
681 2288 787 2323 quum
807 2292 871 2314 nec
890 2281 924 2315 in
940 2281 1151 2318 derivatione

346 2319 531 2367 quidquam
546 2334 706 2369 appareat
720 2327 818 2371 vitii,
845 2328 882 2363 &
898 2330 977 2364 MS.
994 2330 1052 2365 hic
1066 2331 1152 2367 liber

346 2379 389 2402 ex
407 2377 460 2403 tot
476 2370 721 2416 perfeetiffimis
736 2375 869 2411 indiciis
888 2376 1010 2413 debeat
1022 2379 1086 2413 esse
1099 2381 1151 2415 in-

345 2416 411 2451 star
423 2419 591 2454 omnium.
641 2421 688 2456 Et
710 2434 800 2459 amat
821 2425 900 2460 talia
914 2426 1072 2462 adverbia
1092 2429 1150 2465 hic

344 2464 509 2513 scriptor,
535 2478 574 2504 ut
588 2470 736 2516 probant
752 2473 806 2508 vel
823 2474 954 2521 οἰςχῆθεν
967 2475 1022 2510 vel
1037 2478 1149 2524 μητρό-

343 2517 398 2550 θεν
415 2515 469 2550 vel
483 2518 613 2563 πέρηθεν.
641 2519 802 2568 Denique
815 2524 881 2568 jam
900 2523 982 2558 olim
1000 2524 1060 2560 hic
1077 2526 1148 2561 hae-

342 2562 479 2598 fitatum
494 2564 590 2601 fuiffe
602 2567 732 2604 indicat
747 2570 834 2606 liber
849 2572 1147 2618 Oxonienfis‚un-

340 2611 384 2646 dc
404 2612 577 2659 exfignavi
603 2617 765 2662 μκνωθὲνῖᾦ
783 2619 802 2664 5¹
825 2619 901 2655 τάδε
919 2622 1006 2656 αὐτδν
1024 2649 1032 2661 ,
1060 2623 1148 2659 scili-

340 2671 396 2696 cet
413 2661 463 2696 bis
478 2665 623 2710 repetita
638 2665 756 2702 eadem
771 2679 879 2713 voce,
894 2682 1001 2717 quum
1016 2670 1112 2707 litera
1128 2689 1148 2707 ω

341 2710 523 2757 impediret
539 2724 596 2747 cos
611 2715 730 2760 μενόθεν
744 2716 903 2764 aspicere.

385 2770 446 2803 49,
458 2770 489 2793 2..
517 2761 570 2797 Koa*
585 2763 778 2809 ffuyva'pelw
790 2770 889 2812 ὲωϋτῷ
900 2768 1031 2803 κελόῖἷειν
1045 2771 1146 2819 ἕχᾴν]

340 2805 395 2839 Ex
417 2809 512 2842 omni
535 2821 630 2857 parte
650 2813 770 2849 melius
796 2815 904 2851 exstat
929 2817 964 2852 in
989 2819 1072 2854 MS.
1098 2836 1147 2855 κε-

338 2854 452 2898 λάδων,
479 2866 516 2891 ut
534 2858 645 2894 statim
665 2862 816 2898 noelffime
835 2868 942 2910 λέγων.

339 2950 340 2953 ¹
383 2914 511 2955 49514.
539 2908 655 2947 Ποιήσω
671 2910 743 2944 nalo&
759 2912 818 2946 νόον
829 2912 897 2947 δίο.
909 2917 996 2950 ποιέω
1008 2914 1144 2962 δήῶδε]

339 2949 380 2985 Id
396 2954 471 2985 lanc
490 2953 538 2987 cst
561 2967 603 2989 ex
625 2970 706 2992 vero
726 2959 892 2995 infuscare
913 2963 1061 2998 nitorem
1083 2965 1146 2999 lin-

337 3010 415 3045 guae
428 3000 655 3046 Herodoteae,
667 3005 702 3038 ὃς
713 3006 931 3042 dulcedinem
946 3011 1021 3044 univ
1030 3012 1147 3056 ersam,

631 172 1715 259 JAC.GRONOv11NOTAE

1208 275 1250 309 tis
1265 286 1357 321 patet
1373 287 1415 309 ex
1432 274 1588 310 restituto
1604 287 1665 323 per
1678 276 1835 312 codicem
1850 275 2012 324 scriptum

1207 333 1354 370 utroque
1372 324 1497 368 verbo,
1514 334 1588 359 turn
1602 324 1799 370 contra&o‚
1811 336 1885 360 tum
1904 327 1939 360 in
1954 338 2013 361 eo-

1208 372 1287 406 dem
1311 382 1467 419 tempore
1483 399 1494 417 ,
1521 374 1578 421 qui
1596 373 1738 409 affiduus
1755 375 1791 410 &
1811 374 2013 423 perdulcem

1210 421 1353 456 omnino
1386 423 1566 457 continens
1598 424 1839 472 repetitionem
1867 436 1942 458 mos
1965 424 2014 458 est

1211 469 1311 515 liujus
1331 471 1503 517 scriptoris
1519 472 1552 505 in
1572 471 1738 508 narrando
1752 498 1764 516 ,
1790 484 1828 508 ut
1844 486 1929 520 opus
1943 485 2014 507 non

1213 513 1326 565 sitpcr
1338 519 1494 566 exempla
1509 518 1577 554 fuse
1591 520 1781 565 adstruere,
1796 534 1901 569 quum
1919 534 2015 569 quae-

1210 568 1259 601 vis
1273 569 1396 616 pagina
1411 568 1446 603 id
1462 567 1683 604 demonstret.
1716 568 1853 605 Deinde
1869 572 1954 617 02²4&
1973 569 2013 613 Ξ,

1209 628 1278 651 non
1293 618 1399 663 ἄχος.
1935 637 1937 639 ·

1256 678 1318 711 49,
1328 677 1382 707 29.
1409 666 1460 701 Τίν
1472 673 1496 700 οἱ
1512 666 1642 713 emiza]
1671 665 1754 700 MS.
1769 665 1892 712 ὁνεῖχεε.
1920 666 2015 714 Qae

1211 714 1258 748 est
1274 715 1408 749 infamis
1422 726 1502 749 nota
1515 715 1691 749 violentia:
1706 715 1894 762 Stephani,
1919 727 1958 752 ut
1978 720 2015 753 in

1212 764 1281 808 ejus
1305 763 1546 811 posterioribus
1572 762 1781 799 editionibus
1803 765 1850 800 ita
1871 765 2015 801 exhibe-

1210 822 1323 856 retur,
1349 824 1454 859 quum
1466 811 1571 847 Aldus
1588 813 1623 848 ὃ(
1634 811 1849 849 Camerarius
1863 813 2016 862 &jpfius

1212 861 1321 906 prima
1337 861 1524 907 editio-jam
1539 861 1696 897 dederint
1714 862 1863 910 probum
1880 863 2013 910 ὁνεῖχεε,

1212 908 1273 943 nifi
1289 909 1381 956 quod
1396 909 1431 943 δε
1441 910 1690 957 Jungerrnanni
1706 911 1807 959 culpa
1820 913 1868 948 cst
1881 939 1894 958 ‚
1920 915 2014 960 quod

1212 957 1282 992 huc
1296 957 1399 1006 usque
1413 971 1451 993 ca
1470 960 1599 1006 ineptia
1613 971 1800 1008 propagata
1812 961 1915 999 fuerit
1925 979 1938 1005 5
1955 977 2015 1000 ne-

1211 1016 1276 1053 que
1291 1009 1383 1042 enim
1399 1008 1473 1042 Th.
1488 1007 1577 1042 Gale
1589 1007 1742 1044 anir‘num
1757 1009 1878 1045 habuit
1897 1025 2016 1049 emen·

1210 1056 1310 1092 dandi
1333 1056 1521 1093 Herodoti.
1572 1056 1671 1102 Qin
1691 1059 1800 1093 immo
1827 1072 1897 1095 non
1916 1062 2016 1099 aliter

1211 1117 1312 1153 quam
1326 1119 1418 1143 nunc
1435 1105 1567 1153 reposui
1580 1131 1592 1151 ,
1618 1108 1704 1142 citat
1717 1108 1842 1143 Portus
1856 1109 1891 1144 in
1906 1110 2016 1146 Lexi-

1211 1167 1253 1189 co
1267 1182 1278 1200 ,
1305 1156 1366 1192 etsi
1383 1154 1503 1191 frustra
1522 1154 1581 1191 hic
1598 1155 1768 1204 operosus.
1810 1157 1877 1193 Sed
1892 1171 1935 1194 ne
1950 1159 2016 1196 du-

1209 1204 1296 1240 bites
1312 1232 1323 1249 ,
1356 1205 1548 1253 Stephanus
1572 1208 1675 1241 etiam
1698 1207 1733 1240 in
1755 1206 2015 1256 Prolegomenis

1210 1268 1244 1302 p.
1260 1260 1329 1303 736
1349 1256 1520 1301 vituperat
1539 1279 1550 1297 ,
1577 1255 1669 1302 quod
1692 1267 1759 1302 ego
1782 1264 1873 1292 nu'nc
1893 1268 2014 1304 tueor,

1209 1315 1283 1339 tum
1301 1303 1459 1338 Aldinam
1479 1314 1575 1348 nsque
1590 1316 1629 1338 ac
1645 1304 1884 1341 Bafileensem:
1912 1306 1948 1341 ὅ(
1962 1308 2014 1342 ni·

1210 1353 1258 1388 hil
1280 1352 1412 1400 profert
1434 1377 1445 1395 ,
1481 1350 1541 1384 nili
1562 1352 1739 1399 quomodo
1760 1353 1802 1388 ab
1826 1357 1921 1399 ὰέχω
1947 1356 2012 1391 este

1212 1401 1324 1448 ὁμεῖχεε
1347 1400 1446 1448 poslit
1467 1400 1479 1434 ?
1510 1399 1633 1449 Roget
1657 1413 1743 1449 ergo
1765 1402 2009 1449 Herodotum,

1209 1451 1298 1486 unde
1318 1450 1472 1486 similiter
1487 1449 1609 1486 habeat
1630 1450 1821 1491 οἱποζεέἧκεε
1837 1452 1890 1486 vel
1912 1467 2011 1498 κεχω-

1208 1497 1300 1546 ςῆκεε.
1341 1500 1395 1534 Ac
1413 1499 1542 1534 rursum
1559 1499 1687 1546 κοιῶἰπερ
1714 1500 1799 1539 &aasz
1825 1501 1912 1537 αότδς
1931 1502 2010 1545 wei:

1207 1548 1276 1582 &c.
1303 1560 1410 1596 quum
1425 1548 1532 1594 vulgo
1547 1547 1632 1582 absit
1648 1548 1747 1584 αὐτὲς.

1251 1608 1313 1642 49,
1326 1609 1385 1642 40.
1418 1596 1536 1638 molest(
1555 1595 1644 1642 paon]
1686 1597 1768 1631 MS.
1796 1596 1928 1639 advos(
1948 1615 2010 1645 μοι.

1209 1646 1304 1681 Nam
1323 1645 1359 1680 &
1373 1645 1483 1681 statim
1505 1645 1590 1680 dicit
1610 1648 1756 1691 παςῆσιω.
1776 1647 1919 1693 repetita
1934 1672 1946 1692 ‚
1970 1660 2010 1684 ut

1206 1694 1290 1730 solet
1307 1694 1379 1730 fieri
1390 1720 1402 1739 ,
1428 1693 1577 1740 ejusdcm
1592 1693 1686 1728 verbi
1701 1693 1811 1741 aliqua
1826 1694 2010 1732 derivatio·

1207 1756 1261 1779 ne.
1278 1743 1313 1778 δί
1327 1757 1402 1791 cap.
1422 1739 1485 1779 1'26
1501 1748 1630 1790 παρεῖναι
1644 1744 1679 1777 in
1692 1744 1837 1790 negotio
1852 1742 1962 1780 simili.

1195 1830 1199 1835 ,
1256 1805 1356 1840 50,4.
1386 1792 1495 1833 Ε’πᾷτσι
1514 1793 1530 1837 ὃ
1549 1794 1576 1828 ‘1³
1593 1792 1698 1839 dgna]
1715 1792 1917 1829 Necess'ario
1929 1793 2010 1830 scri·

1205 1841 1355 1877 bendum
1376 1855 1418 1877 ex
1441 1843 1523 1877 MS.
1543 1841 1637 1876 ἕπετ’-τε
1659 1841 1678 1886 {3
1696 1842 1723 1876 ’θ
1744 1840 1812 1876 δίε.
1847 1854 1911 1877 nec
1931 1843 2010 1891 post

1204 1903 1328 1926 vocem
1348 1892 1517 1939 den-007&
1537 1889 1694 1938 ponenda
1712 1889 1760 1924 est
1780 1889 1889 1926 finalis
1908 1903 2008 1938 nota,

1202 1939 1256 1975 sed
1273 1940 1383 1975 media
1396 1939 1618 1988 quaedarn,ut
1630 1949 1789 1987 appareat
1802 1940 1918 1976 omnia
1931 1941 2008 1978 haec

1204 1989 1379 2024 cohaerere
1394 2014 1406 2033 ‚
1439 2001 1502 2024 nec
1522 1987 1711 2023 diffecanda
1732 1987 1797 2023 effe
1816 2014 1829 2033 ‚
1861 1999 1900 2025 ut
1919 1989 2007 2025 bene

1204 2037 1245 2073 fit
1259 2039 1294 2073 in
1308 2038 1449 2074 Latinis.
1474 2037 1570 2073 Idem
1587 2037 1711 2071 vitium
1727 2047 1886 2072 occurret
1903 2049 2004 2085 2‚52.

1251 2098 1352 2132 50,7.
1378 2087 1571 2133 Παςετιθέοίῖο
1582 2083 1729 2131 τρᾴπεζοι
1747 2086 1918 2133 ὒῗῗιίπλεοι]
1946 2087 2004 2123 Ab

1202 2135 1293 2170 Aldo
1316 2136 1351 2170 ὅ(
1376 2135 1575 2170 Camerario
1598 2133 1657 2168 hic
1680 2134 1811 2169 editum
1841 2135 2003 2172 ὂᾮιίπλε-ιοι.

1202 2185 1358 2220 Mutavit
1384 2184 1576 2232 Stephanus
1601 2181 1638 2216 &
1663 2181 1704 2216 ab
1730 2193 1772 2216 eo
1798 2181 1844 2217 fic
1869 2184 2002 2230 editur,

1200 2246 1306 2281 quum
1325 2243 1441 2268 tamen
1457 2233 1492 2267 in
1514 2230 1660 2278 antiquis
1677 2229 1770 2266 libris
1792 2230 1853 2266 fibi
1875 2232 2002 2270 ledum

1200 2283 1343 2318 testetur
1361 2281 1519 2328 vejc‘rrsgm
1542 2281 1716 2323 ὓῑὶηπλέοω,
1742 2289 1781 2315 ut
1800 2280 1946 2327 probant
1965 2294 2001 2318 e-

1201 2333 1252 2378 jus
1270 2332 1460 2378 margines:
1489 2328 1580 2377 quasi
1600 2328 1705 2364 vellet
1727 2328 1878 2365 indicare
1900 2331 2002 2366 libra-

1196 2374 1266 2416 rios
1285 2378 1483 2415 dubitavisse
1497 2379 1540 2413 de
1552 2377 1658 2413 verbo
1674 2403 1686 2422 ‚
1712 2387 1828 2413 utrum
1844 2379 1876 2414 id
1895 2379 2003 2415 debe-

1199 2440 1251 2464 ret
1266 2442 1329 2477 pro
1342 2427 1453 2463 affivo
1470 2427 1605 2471 haberi,
1631 2439 1673 2461 an
1689 2424 1834 2476 paffivo,
1849 2427 1944 2475 quod
1957 2428 1999 2464 ad

1198 2477 1326 2513 sensum
1342 2476 1378 2512 δί
1396 2476 1560 2523 syntaxin.
1610 2476 1733 2511 Portus
1751 2476 1888 2511 interim
1905 2502 1918 2522 ,
1942 2477 1999 2513 cui

1199 2539 1321 2574 magna
1343 2538 1421 2560 cura
1441 2524 1506 2560 fuit
1526 2524 1587 2560 ista
1605 2523 1764 2559 resolutio
1783 2536 1844 2572 per
1866 2526 1998 2561 vocales

1199 2590 1254 2618 εα,
1280 2575 1412 2621 accepit
1431 2586 1554 2608 vocem
1575 2573 1767 2620 παρετιθὲαΊο
1791 2586 1854 2621 pro
1876 2578 1998 2621 muger(-

1199 2624 1267 2659 Oev‘lo
1284 2624 1502 2670 apposuerunt,
1530 2632 1569 2658 ut
1589 2621 1756 2666 affivam,
1781 2622 1818 2658 δί
1833 2632 1946 2658 tamen
1960 2623 1996 2657 in

1196 2686 1230 2707 V.
1255 2673 1415 2713 {DAz-m&
1439 2672 1550 2706 noluit
1576 2671 1667 2706 aliud
1690 2669 1870 2718 agnoscere
1893 2682 1995 2717 quam

1197 2721 1344 2768 τξρὲπεζοι
1361 2721 1501 2755 &maia
1522 2726 1634 2765 μηλίων
1653 2725 1738 2766 κρεῶν
1756 2746 1765 2760 ,
1792 2729 1829 2755 ut
1848 2718 1933 2753 nihil
1951 2719 1994 2755 ab

1196 2783 1238 2805 eo
1257 2769 1437 2816 adjuvetur
1461 2769 1518 2803 hic
1539 2769 1633 2804 locus
1647 2793 1658 2813 ,
1685 2768 1722 2804 ὅτ,
1742 2767 1851 2803 multo
1872 2766 1995 2803 rectius

1194 2820 1229 2853 in
1252 2817 1508 2865 interpretando
1530 2816 1561 2851 se
1589 2817 1726 2865 gesserit
1747 2815 1845 2851 Valla
1866 2840 1878 2858 ,
1909 2816 1993 2852 dum

1194 2867 1338 2914 exponit
1351 2891 1362 2910 ‚
1389 2867 1491 2910 menſse
1508 2867 1635 2912 appositae
1649 2866 1745 2911 sunt,
1771 2863 1916 2910 prodens
1935 2877 1994 2900 nc-

1192 2914 1261 2950 scio
1278 2914 1453 2962 quomodo
1473 2914 1619 2961 aliquam
1635 2922 1750 2948 notam
1764 2936 1776 2955 ,
1802 2911 1893 2959 quasi
1908 2914 1994 2949 inci-

1196 2963 1291 2998 disset
1308 2964 1343 2997 in
1365 2962 1521 2998 codicem
1540 2972 1689 2998 veterem
1703 2985 1715 3004 ‚
1742 2960 1800 2994 ubi
1817 2960 1994 3007 legebatur

1196 3012 1379 3058 ποιςετιθεοὶἶο
1397 3012 1547 3058 τερ-’πᾶξαι
1568 3009 1721 3045 affixam.
1758 3008 1804 3043 Et
1823 3008 1896 3044 sane
1916 3010 1951 3046 id
1966 3011 1994 3046 i·-

335 3048 585 3095 quippefratftis
595 3051 769 3097 omnibus‚
780 3056 961 3101 expellere.
976 3057 1085 3103 Quod
1100 3061 1147 3095 sa·
1169 3104 1172 3108 .
1196 3059 1291 3108 psum
1317 3059 1463 3095 servatur
1487 3061 1522 3094 in
1544 3059 1678 3105 optimo
1704 3056 1791 3093 libro
1811 3082 1824 3102 ,
1856 3058 1892 3093 &
1914 3071 1994 3106 pro-

1878 3117 1995 3154 pterea
