2112 3621
315 203 398 254 ³38
562 197 649 238 DE
699 196 971 240 HEROD.
1023 198 1185 242 VOC.
1240 196 1328 238 ET
1378 197 1547 257 LOQ
1589 198 1746 240 GEN.

318 270 374 304 Ad
399 270 465 303 hoc
489 267 628 313 quidem
648 277 741 302 certe
764 268 1014 309 simadleowl&
1032 267 1126 316 quod
1149 268 1272 302 attinet
1287 292 1298 310 ,
1325 267 1425 301 talem
1447 269 1517 315 ejus
1541 267 1634 303 usum
1656 268 1745 315 apud
1768 261 1861 302 hunc
1882 264 1988 312 ipsum

317 315 587 352 animadvertisse
601 315 686 350 mihi
702 315 822 351 videor
839 330 846 351 :
875 316 967 363 quod
984 316 1006 351 fi
1023 328 1137 352 tamen
1153 317 1281 351 nullum
1302 315 1393 351 aliud
1413 317 1502 364 apud
1518 329 1596 352 eum
1613 317 1757 352 exstaret
1774 317 1873 363 hujus
1889 316 1990 363 phra-

319 367 358 402 sis
372 365 569 411 exemplum
584 390 595 408 ,
621 363 736 399 saltem
759 378 828 400 non
843 368 955 401 minus
971 366 1105 401 admitti
1123 365 1214 413 pole
1232 366 1341 412 quivis
1360 366 1559 401 concesserit
1577 379 1677 413 qnam
1697 366 1788 413 quod
1805 365 1882 400 alibi
1897 362 1987 410 apud

320 428 398 450 eum
416 415 542 461 legitur
558 439 570 457 ,
596 413 1012 460 videlicetin‚155.ma
1031 416 1086 450 <ni->e
1105 417 1278 459 {SZnAwCaa
1299 419 1323 448 52²
1343 420 1458 460 φρενῶν
1479 439 1489 457 ,
1516 419 1640 451 σεωϋτόν
1658 415 1863 459 διαφθέξρεςῑ
1891 414 1987 448 Nam

320 467 377 510 (ut
391 465 463 499 dixi
481 465 515 497 in
530 462 725 497 recensione
743 464 778 497 &
797 465 1078 511 interpretatione
1095 475 1219 498 vocum
1232 463 1424 509 Herodoti)
1452 466 1610 500 'mamm
1629 469 1654 498 ²?-
1672 469 1783 511 φρενῶν
1799 463 1845 497 est
1857 464 1905 494 De
1916 460 1988 503 sta·

320 524 354 548 tu
372 515 484 554 mentis
505 511 659 555 desefbnm
678 513 752 556 effe:
778 511 942 559 siquidem
961 512 1001 548 ad
1021 513 1102 548 illud
1120 515 1293 558 ἑξέπλωζας
1310 512 1535 560 respiciamus.
1585 513 1724 561 Alioqui
1741 539 1752 557 ,
1781 511 1802 546 si
1819 510 1989 559 praesentis

321 562 529 610 significatio
544 561 669 596 alicubi
687 563 768 596 huic
782 562 907 596 aoristo
920 562 1038 606 detur,
1066 561 1235 609 significat
1254 564 1303 594 De
1320 560 1405 602 statu
1426 564 1538 594 mentis
1557 561 1665 603 dejici.
1691 563 1744 596 vel
1760 561 1914 603 brevius,
1936 561 1987 591 De

320 623 423 645 meme
443 613 543 643 exire.
568 611 621 644 vel
638 635 650 653 ,
677 611 692 643 ὲ
710 621 825 644 mente.
856 610 927 646 Aut
950 608 1160 658 elegantius,
1181 613 1218 643 -Ε
1230 609 1378 655 potestate
1394 614 1507 644 mentis
1525 614 1624 645 exire.
1672 609 1779 661 Qod
1803 609 1825 643 si
1841 610 1986 645 verbum

319 660 427 695 verbo
444 658 623 703 reddatur,
651 662 680 691 E
703 670 804 693 meme
818 664 1003 707 enavrgare.
1030 671 1106 695 nam
1121 654 1322 703 &uwavassffm‘rss
1346 665 1480 705 Φρενῶν,
1507 659 1588 707 quid
1601 658 1690 694 aliud
1706 659 1774 693 est?
1802 658 1986 693 Estautem

317 711 476 755 ἐκπλῶζοα
493 720 554 754 pro
571 711 749 754 ὰιπλεῦζω.
784 721 846 743 nec
861 708 983 744 dubito
997 709 1078 756 quin
1099 720 1161 755 pro
1183 708 1241 742 illo
1257 709 1505 750 διαπλεόσωνἾΘ·
1524 708 1724 744 Herodotus
1744 706 1988 747 διωπλώσαλὶθ·

318 758 441 802 itidem
458 755 635 805 scripserit.
686 757 752 793 Sed
770 757 812 792 de
832 758 896 793 hac
911 757 1001 806 apud
1018 757 1114 792 illum
1133 755 1550 803 scriptuminconstantia
1568 758 1753 793 dicendum
1768 757 1803 791 in
1818 755 1987 803 sequenti-

319 807 383 843 bus
399 808 475 842 erit.
1156 825 1158 827 v

370 858 458 892 Sunt
470 865 585 891 autern
601 855 755 902 quaedam
772 855 932 903 loquendi
947 867 1071 903 genera
1085 853 1205 902 quibus
1221 854 1324 889 verba
1339 855 1544 904 alhibentur
1561 856 1658 892 valde
1671 855 1801 899 vicina,
1827 858 1840 900 (
1849 852 1988 901 praeser·

321 907 384 941 tim
401 905 441 940 ad
458 903 657 952 scripturam
675 905 766 952 quod
785 905 925 946 attinet)
954 906 989 939 &
1006 906 1053 939 ita
1064 902 1202 951 quidem
1218 913 1255 938 ut
1271 905 1376 938 modo
1396 905 1464 939 hoc
1482 907 1587 940 modo
1606 905 1688 940 illud
1708 904 1849 940 verbum
1869 904 1907 939 iis
1923 903 1988 937 esse

320 953 512 991 adhibitum
529 953 700 990 videamus
712 979 724 998 ,
751 966 820 988 non
845 952 913 989 fine
933 952 1130 991 dissensione
1143 952 1403 1000 exemplarium.
1454 955 1593 989 Horum
1608 965 1714 988 unum
1732 953 1779 987 est
1794 957 1885 998 olmi‘p
1907 953 1988 988 em&-

321 1008 396 1038 απεῖν
411 1014 491 1038 cum
514 1001 705 1037 accusativo
725 1002 876 1050 personae
890 1027 902 1046 ,
929 1002 964 1036 δε
978 1001 1148 1037 interdum
1171 1006 1300 1047 τρηχέως
1318 1002 1471 1037 νωὲισπεῖν.
1523 1003 1618 1037 Nam
1635 1002 1670 1037 &
1694 1002 1824 1042 ω’ἐιὲπᾴν
1839 1002 1922 1036 huic
1935 1001 1987 1035 lo-

321 1051 445 1100 quendi
464 1051 583 1098 generi
603 1050 794 1087 adhibetur.
829 1052 881 1085 Ac
898 1051 954 1085 lib.
973 1064 998 1095 1,
1019 1063 1050 1085 c.
1069 1062 1146 1095 115.
1166 1050 1312 1098 legimus
1329 1051 1467 1098 quidem
1486 1077 1497 1095 ,
1525 1054 1544 1085 ÷
1565 1054 1637 1086 τὲδε
1656 1054 1759 1085 παῖδα
1775 1054 1866 1096 α’ωκίῃ
1885 1053 1987 1095 τοιῇδε

322 1101 486 1143 sufflamen,
513 1100 547 1134 in
562 1099 687 1134 Aldina
699 1101 802 1136 etiam
819 1098 969 1135 editione
983 1113 991 1134 :
1020 1099 1074 1133 sed
1091 1099 1191 1147 paulo
1205 1110 1304 1143 ante,
1330 1113 1360 1134 c.
1375 1100 1521 1147 praeced.
1537 1100 1595 1135 ubi
1611 1099 1843 1134 habesitidem
1858 1105 1991 1146 τρηχέως

322 1148 412 1195 nde&
428 1150 566 1185 νωὶἱιὲσπε
585 1176 592 1186 ‚
620 1149 656 1183 in
669 1149 794 1184 Aldina
811 1149 940 1197 legitur
954 1149 1084 1185 τωὲίεπε.
1111 1158 1145 1183 at
1170 1148 1308 1183 infame
1329 1148 1346 1182 C*
1370 1161 1440 1184 vet.
1458 1149 1606 1197 exempl.
1620 1148 1668 1183 est
1683 1147 1868 1196 sumptum.
1920 1147 1988 1183 Sed

323 1208 438 1233 tamen
453 1198 552 1233 initio
566 1197 642 1232 libri
656 1210 676 1232 v
690 1199 861 1242 occurrit,
889 1195 1100 1238 νωθεφθὲνὲἱς
1115 1196 1258 1241 odisee,
1277 1196 1299 1233 (ὲ
1317 1198 1521 1235 μ’ςω-ὂῐῖαιίνων
1539 1202 1679 1245 τρηχέως.
1706 1198 1799 1245 quod
1813 1197 1861 1232 est
1877 1196 1895 1231 εὶ
1909 1197 1990 1233 em&-

324 1250 442 1292 έπομοα.
469 1246 672 1291 Quinetiam
688 1258 742 1291 ιιι,
755 1259 766 1281 1
780 1258 832 1293 15.
848 1255 1004 1281 extremo
1021 1246 1181 1281 babemus
1198 1245 1257 1280 οἵτε
1275 1252 1418 1292 πολεμίη
1435 1247 1613 1288 mehemet.

374 1294 515 1330 Acsunt
531 1294 549 1329 ἐ
562 1295 699 1330 diversis
715 1295 916 1330 leffionibus
931 1295 1104 1331 nonnullae
1119 1307 1196 1342 quae
1214 1295 1304 1330 haud
1321 1308 1389 1331 uno
1405 1297 1439 1330 in
1455 1296 1534 1330 loco
1551 1305 1767 1330 annotantur.
1788 1305 1826 1330 ut
1843 1295 1986 1340 νομοάοιζι

324 1357 388 1392 pro
406 1345 526 1391 νόμοιζι.
553 1356 630 1378 nam
646 1355 685 1379 ut
699 1346 734 1379 in
753 1346 821 1379 hoc
836 1344 895 1379 lib.
909 1356 959 1378 111.
975 1357 1006 1379 c.
1020 1357 1078 1385 99.
1092 1344 1170 1378 loco
1183 1369 1192 1386 ,
1219 1346 1328 1390 νόμοις,
1349 1344 1367 1390 5
1384 1348 1505 1381 τοιοῖςὸε
1529 1347 1642 1391 λέγονῗ)
1659 1344 1795 1391 χςᾷαθς,
1824 1344 1925 1378 habes
1942 1355 1986 1379 ex

323 1404 391 1429 vet.
408 1394 485 1429 cod.
500 1391 645 1438 νομαίοιζι
659 1404 721 1439 pro
738 1393 863 1438 νόμωζζι·
892 1392 937 1426 slC
954 1394 988 1427 &
1005 1393 1085 1428 alibi
1101 1394 1175 1427 haec
1190 1392 1318 1428 diversa
1331 1393 1434 1428 Ιεᾶἰο
1447 1407 1481 1428 in
1495 1393 1611 1429 iisdem
1627 1394 1719 1429 libris
1734 1392 1764 1428 sc
1779 1392 1893 1428 offert.

370 1443 457 1477 Sunt
472 1442 618 1488 denique
635 1441 670 1476 &
688 1439 849 1475 leetiones
863 1441 1037 1475 nonnullae
1060 1442 1205 1488 margini
1226 1441 1423 1489 adscriptae,
1435 1437 1518 1489 ¹quae
1535 1455 1706 1490 germanae
1727 1441 1790 1477 effe
1805 1442 1983 1478 videntur:

322 1503 427 1538 quum
446 1490 514 1524 illae
538 1502 615 1537 quae
638 1490 672 1524 in
691 1498 790 1523 textu
809 1488 884 1523 sunt
897 1513 909 1532 ,
935 1488 1114 1524 videantur
1135 1489 1199 1523 esse
1220 1490 1387 1524 vocabula
1409 1502 1486 1537 quae
1505 1492 1649 1538 margini
1669 1491 1890 1537 expositionis
1905 1491 1986 1526 loco

321 1539 499 1586 adscripta‘
514 1537 532 1573 a
551 1539 712 1585 quopiam
728 1537 872 1572 fuerant.
922 1537 1131 1584 Exemplum
1147 1537 1246 1573 nobis
1265 1536 1419 1585 suggerit
1436 1551 1461 1582 r,
1477 1537 1533 1584 85.
1552 1539 1609 1574 ubi
1624 1552 1686 1586 pro
1704 1540 1842 1583 όίίἓῖωίᾳ
1861 1541 1988 1589 margi-

321 1588 356 1622 ni
372 1587 577 1635 adscriptum
594 1587 643 1622 est
662 1587 865 1628 &treunam
882 1585 965 1621 illud
986 1586 1126 1630 ob'fflwlqe.
1146 1586 1244 1621 fuisse
1266 1585 1472 1634 adscriptum
1493 1588 1663 1635 margini,
1688 1588 1729 1622 ad
1746 1588 1990 1636 exponendum

324 1636 407 1672 illud
422 1636 530 1675 AEeqor,
559 1634 595 1670 ὃς
610 1648 653 1670 ex
667 1636 822 1683 margine
848 1639 906 1680 (ut
923 1635 962 1671 fit
972 1640 993 1674 ),
1011 1637 1047 1671 in
1062 1645 1267 1671 contextum
1284 1634 1447 1683 irrepsisse
1461 1635 1641 1672 verisimile
1654 1636 1712 1672 est.

371 1686 459 1721 Sunt
474 1697 556 1720 vero
572 1684 608 1719 ὃς
622 1685 795 1720 nonnulla:
811 1684 972 1720 lectiones
982 1711 993 1730 ,
1008 1695 1085 1732 quae
1100 1686 1254 1732 quamvis
1268 1686 1393 1720 merito
1408 1684 1566 1732 suspeetae
1579 1685 1642 1720 esse
1654 1685 1851 1730 videantur,
1876 1694 1993 1723 tamen

324 1735 442 1771 eadem
458 1734 515 1770 illa
529 1733 696 1769 vocabula
709 1746 778 1769 non
791 1745 861 1768 uno
875 1735 909 1769 in
924 1734 1004 1769 loco
1018 1735 1190 1781 leguntur.
1224 1735 1280 1769 Ex
1294 1734 1345 1768 his
1359 1733 1408 1768 est
1422 1734 1565 1769 verbum
1582 1739 1726 1778 wsiivas
1743 1748 1806 1783 pro
1823 1734 1990 1780 ωθὲριςῆναι.

372 1786 459 1820 Sunt
480 1783 627 1830 denique
648 1783 683 1819 &
702 1781 857 1830 quaedam
880 1795 923 1818 ex
945 1783 1009 1818 illis
1033 1782 1237 1818 le&ionibt1s
1254 1795 1331 1831 quae
1350 1796 1457 1831 quum
1482 1796 1541 1831 per
1562 1782 1593 1818 se
1612 1784 1707 1819 nullo
1726 1784 1869 1820 admitti⁴
1883 1785 1990 1821 modo

325 1843 471 1881 queant,
487 1830 509 1867 fi
525 1833 735 1880 aliquantum
748 1831 952 1878 adjuventur
966 1838 976 1877 (
986 1833 1055 1867 hoc
1071 1842 1184 1867 autem
1202 1831 1242 1867 fit
1257 1832 1384 1878 aliquid
1398 1833 1432 1866 in
1446 1832 1509 1868 illis
1525 1833 1759 1874 emendando)
1785 1833 1901 1881 dignae
1916 1834 1996 1870 sunt*

325 1895 402 1930 quae
418 1883 525 1930 magis
540 1891 598 1917 aut
615 1881 732 1916 saltem
746 1892 816 1914 non
832 1881 942 1917 minus
955 1894 1056 1929 quam
1071 1893 1148 1929 quae
1169 1882 1205 1916 in
1220 1892 1318 1916 textu
1332 1880 1407 1916 sunt
1425 1882 1646 1928 recipiantur.
1696 1882 1761 1918 Sed
1777 1883 1845 1918 hoc
1859 1883 1894 1919 in
1908 1884 1994 1919 meis

326 1930 619 1967 Annotationibus
637 1928 818 1978 aliquando
846 1930 930 1975 (deo
944 1929 1101 1971 favente)
1128 1931 1295 1979 exemplis
1310 1930 1447 1977 planum
1464 1930 1597 1965 faciam.
1880 1948 1881 1951 ¹

374 1980 427 2015 Ut
436 1990 549 2016 autem
563 1980 700 2014 interim
716 1978 884 2027 intelligas
900 1978 1006 2014 leotor
1021 1990 1150 2027 quanto
1163 1979 1352 2015 accuratius
1368 1980 1402 2014 in
1418 1979 1482 2014 hac
1495 1980 1647 2015 editione
1660 1979 1761 2015 fuerit
1776 1979 1794 2016 τὶ
1807 1993 1865 2015 me
1875 1992 1993 2016 emen-

326 2029 403 2065 data
417 2029 527 2064 Vallae
542 2028 800 2076 interpretatio,
817 2040 916 2075 quarn
934 2029 969 2062 in
984 2029 1115 2076 priore,
1129 2040 1206 2076 quae
1223 2028 1287 2063 illis
1302 2029 1527 2077 typographis
1545 2040 1606 2076 pro
1621 2029 1806 2076 exemplari
1819 2029 1902 2064 fuit:
1919 2042 1992 2065 ma-

326 2090 435 2127 gnum
450 2078 586 2124 majoris
602 2078 703 2124 hujus
715 2078 941 2112 accurationis
955 2077 1121 2112 indicium
1134 2076 1188 2112 vel
1202 2077 1236 2112 in
1250 2077 1360 2124 prima
1375 2078 1482 2112 totius
1502 2077 1579 2112 libri
1593 2077 1735 2125 periodo
1750 2077 1862 2113 habes.
1911 2078 1993 2114 Ma-

327 2128 380 2175 gis
396 2136 509 2161 tamen
524 2125 654 2173 insigne
666 2125 864 2173 exemplum
878 2136 1060 2170 occurret,
1086 2125 1145 2162 lib.
1163 2138 1189 2170 1,
1208 2137 1261 2160 10.
1289 2138 1367 2160 nam
1385 2126 1432 2161 ibi
1448 2125 1471 2160 fi
1482 2126 1592 2161 Vallae
1609 2127 1926 2174 interpretationem
1944 2126 1999 2163 se-v

326 2175 456 2219 queris,
484 2174 520 2209 &
535 2184 648 2209 totum
662 2174 779 2208 locum
794 2184 925 2211 attente
940 2175 1183 2219 considerabis,
1210 2174 1431 2210 Herodotum
1447 2174 1506 2218 fibi
1523 2187 1590 2209 non
1607 2174 1778 2219 constare,
1804 2174 1856 2210 sed
1875 2187 1997 2223 aperte·

327 2224 388 2259 fibi
403 2235 592 2271 repugnare
605 2247 617 2266 ,
642 2222 755 2257 dicere
772 2226 915 2271 cogeris.
967 2225 1058 2259 Haec
1075 2225 1166 2259 enim
1180 2223 1282 2259 verba
1299 2249 1310 2268 ,
1337 2224 1371 2257 in
1386 2223 1441 2258 illa
1460 2233 1529 2258 tam
1546 2223 1671 2258 celebri
1689 2223 1826 2258 historia
1841 2225 1883 2259 de
1900 2224 1993 2260 Can-

328 2273 426 2308 daule
440 2273 526 2307 male
542 2272 665 2306 merito
678 2270 720 2306 de
734 2273 849 2306 uxoris
861 2272 928 2308 suae
942 2273 1216 2320 pulchritudine,
1243 2274 1374 2318 μαθὲσοι
1393 2273 1410 2317 ’5
1428 2273 1461 2306 τὸ
1476 2273 1591 2310 ποιηθὲν
1611 2273 1649 2306 &a
1669 2270 1690 2310 ἔ
1708 2273 1840 2319 οἱνδςὸς,’
1855 2273 1907 2308 ἔτε
1926 2277 1994 2310 οἰνέ-

332 2324 426 2367 Εωζεν
455 2323 656 2372 αἱχιωθεῖσοι
674 2331 681 2338 ·
709 2323 760 2356 εἴτε
780 2321 861 2363 ἔδοξε
879 2324 1028 2367 μαὲἑειν,
1054 2323 1258 2357 Laurentius
1272 2321 1370 2357 Valla
1384 2322 1429 2356 ita
1445 2321 1549 2356 vertit
1567 2346 1579 2365 ,
1607 2323 1682 2354 Hac
1698 2331 1735 2354 ut
1751 2321 1868 2361 didicit
1884 2321 1904 2356 ὰ
1922 2325 1996 2356 viro

331 2371 412 2417 quid
427 2371 533 2403 astum
555 2370 643 2413 effet,
668 2381 766 2415 neque
783 2379 841 2415 prae
857 2371 975 2416 pudore
992 2373 1211 2410 exclamavit,
1238 2383 1336 2415 neque
1351 2371 1419 2414 vesti
1434 2369 1476 2413 est
1495 2370 1665 2416 perceptffi.
1713 2369 1811 2414 Qiid
1838 2370 1995 2418 (respon-

332 2419 464 2454 debunt
478 2419 536 2453 hic
551 2419 720 2466 plerique)
749 2429 929 2466 peccatum
952 2418 971 2454 a
988 2419 1086 2454 Valla
1100 2420 1169 2454 dici
1186 2419 1298 2467 potest
1312 2419 1325 2453 ?
1352 2420 1484 2454 Nonne
1497 2421 1637 2463 μαὲἕσοι
1653 2420 1691 2453 ἐκ
1705 2418 1727 2458 Ξ
1741 2420 1861 2466 οἱνδςὲς,
1889 2419 1994 2468 figni-

336 2468 420 2503 ficat
434 2468 467 2503 id
482 2467 575 2515 quod
593 2467 682 2515 apud
696 2479 774 2502 eum
792 2466 919 2516 legitur
934 2468 947 2502 ?
973 2479 1009 2502 ut
1026 2468 1144 2502 didicit
1160 2468 1179 2502 ,ἐι
1198 2471 1278 2502 viro.
1305 2467 1371 2503 five
1388 2493 1399 2511 ,
1424 2478 1460 2501 ut
1479 2468 1595 2501 didicit
1612 2480 1653 2500 ex
1667 2470 1748 2502 viro.
1773 2468 1879 2504 Certe
1892 2494 1904 2512 ,
1929 2483 1997 2515 μοι·

335 2521 422 2554 Sam
438 2519 477 2552 &a
493 2516 513 2555 ἓξ
531 2518 630 2563 Meis
647 2543 656 2557 ,
683 2529 752 2551 non
768 2517 860 2552 aliud
881 2516 1072 2565 significare
1088 2517 1199 2565 potest
1214 2530 1222 2552 :
1249 2517 1302 2552 sed
1320 2517 1398 2552 dico
1418 2528 1606 2564 repugnare
1628 2517 1696 2552 hoc
1713 2517 1843 2565 prorsus
1860 2517 1909 2552 illi
1924 2527 1995 2553 tam

335 2565 435 2601 bellae
448 2565 702 2601 dissimulationi
719 2565 819 2614 ipsius
833 2591 844 2611 ‚
870 2579 947 2614 quae
963 2567 1015 2602 his
1027 2568 1130 2602 etiam
1145 2565 1255 2601 verbis
1267 2566 1485 2610 describitur,
1512 2564 1561 2600 ἔτε
1581 2566 1667 2608 ’ἔδοξε
1681 2569 1818 2612 faecem,
1844 2566 1880 2601 ὃ(
1892 2578 1998 2613 quam>

338 2627 446 2662 quum
464 2616 499 2651 in
513 2627 550 2650 ea
564 2615 792 2663 permansisset
808 2641 820 2660 ,
845 2614 1002 2663 sequutus
1022 2615 1069 2652 est
1088 2616 1115 2650 is
1131 2628 1234 2663 quern
1254 2627 1296 2650 ex
1314 2627 1352 2650 ea
1368 2614 1517 2662 sperabat
1534 2615 1655 2650 exitus.
1705 2615 1772 2650 Sed
1789 2627 1866 2663 quae
1880 2624 1997 2650 tamen

338 2664 402 2699 alia
421 2664 490 2699 loci
514 2664 602 2699 illius
619 2665 811 2712 excogitari
831 2665 1067 2712 interpretatio
1091 2664 1233 2713 potest?
1264 2663 1376 2699 Aliam
1401 2663 1623 2699 nihilominus
1644 2663 1906 2712 excogitandam
1930 2663 1996 2697 esse

339 2714 411 2759 ajo:
438 2725 501 2747 nec
515 2723 629 2748 tamen
645 2713 742 2748 aliam
755 2718 851 2757 (meo
865 2714 1000 2762 quidam
1018 2713 1167 2760 judicio)
1183 2713 1372 2760 excogitari
1386 2713 1478 2760 posse
1495 2725 1594 2761 quam
1610 2714 1698 2749 hanc
1717 2710 1824 2760 quiea
1837 2724 1892 2746 me
1906 2723 1995 2745 mar-

341 2761 415 2807 gini
428 2761 475 2796 est
491 2761 674 2810 adscripta,
700 2764 776 2795 Hac
791 2772 828 2796 ut
844 2758 1079 2797 animadvertit
1096 2762 1178 2809 quod
1194 2762 1214 2796 iz
1235 2765 1304 2795 viro
1314 2761 1444 2806 fidium
1460 2773 1540 2796 erat.
1566 2762 1632 2797 Sed
1649 2772 1687 2797 tu
1713 2761 1822 2805 (dices
1836 2759 1994 2803 fortasse)

340 2809 388 2843 ita
404 2810 658 2857 interpretando
673 2836 684 2855 ,
711 2811 988 2859 praepositionem
1002 2814 1042 2847 ὡκ
1058 2824 1136 2847 cum
1156 2811 1272 2852 πειηθὶν,
1277 2810 1394 2858 jungis
1407 2835 1418 2853 ‚
1445 2810 1586 2857 perinde
1598 2810 1663 2846 acsi
1675 2809 1803 2846 distum
1821 2809 1899 2844 esset
1913 2823 1997 2848 ποιη-

343 2859 399 2893 θὲν
419 2858 488 2894 κὶα-δ
505 2858 525 2897 ἔ
540 2859 652 2906 α’νδςᾶς.
681 2860 796 2908 Atque
811 2861 910 2907 plane
929 2872 1058 2896 novum
1072 2861 1240 2895 inGraeca
1251 2859 1368 2906 lingua
1380 2859 1448 2893 hoc
1464 2859 1696 2895 essc‘arbitror.
1722 2858 1770 2892 At
1784 2868 1872 2906 egO,
1898 2857 1998 2906 quid-

343 2904 426 2953 quid
442 2906 505 2940 tibi
522 2907 556 2941 &
571 2908 724 2953 plurimis
742 2909 876 2944 fortasse
889 2909 960 2944 aliis
976 2910 1010 2942 in
1025 2921 1063 2944 ea
1077 2920 1204 2944 novum
1222 2907 1269 2943 est
1285 2932 1296 2951 ,
1323 2907 1407 2941 mihi
1424 2919 1552 2942 novum
1572 2909 1638 2943 ess'e
1652 2918 1741 2954 nego
1759 2919 1766 2940 :
1794 2917 1894 2954 atque
1913 2906 1997 2942 :ideo

343 2954 416 2989 talis
430 2953 504 2988 usus
518 2955 766 3001 praepositionis
781 2957 883 3002 huius
897 2958 1055 3004 exempla
1070 2957 1133 2992 tibi
1149 2959 1214 3003 iam
1228 2967 1319 2991 nunc
1333 2955 1402 2990 duo
1420 2981 1431 2998 ,
1457 2956 1590 2991 duobus
1603 2954 1621 2990 ἐ
1636 2955 1719 2990 locis
1734 2980 1745 2999 ,
1772 2955 1869 2990 cedo.
1897 2955 2001 2991 Unus

343 3002 410 3046 est,
437 3014 479 3036 ex
495 3002 571 3037 eod.
584 3002 642 3037 lib.
658 3014 682 3046 1,
697 3016 727 3038 c.
743 3003 801 3048 87.
827 3000 849 3037 ἐἳ
867 3020 894 3038 τε
910 3011 934 3039 οι·
951 3000 1172 3052 κεχωρσμένόν
1190 3007 1222 3047 ἐξ
1238 3007 1313 3039 adn}
1329 3003 1475 3050 έδωςῆἂη.
1524 3005 1623 3038 Alter
1643 3013 1756 3038 autem
1777 3002 1902 3052 legitur
1920 3004 2000 3040 eod.

338 3050 397 3086 lib.
413 3061 437 3096 1,
451 3063 481 3086 c.
500 3061 577 3097 114.
597 3062 666 3086 non
683 3051 804 3100 procul
821 3051 862 3088 ab
878 3053 998 3098 initio,
1025 3057 1042 3089 ε·
1059 3055 1090 3101 ᾧ
1107 3055 1142 3096 δὴ
1159 3055 1274 3101 ὄποιήςε
1289 3052 1322 3088 vd
1338 3053 1539 3099 weloezffiv
1556 3054 1596 3087 ὡκ
1614 3051 1634 3092 ἔ
1650 3051 1738 3098 Κύρυ,
1772 3053 1998 3090 Animadver-

1972 3112 2009 3138 ει,
