2112 3621
279 233 360 274 710

1073 281 1104 317 E
1130 280 1165 316 X

565 371 1042 442 JOACHIMI
1118 368 1680 418 CAMERARII

407 474 1840 564 PROOEMIO

612 615 691 657 IN
754 611 1160 655 HISTORIAS
1216 607 1636 650 HERODOTI.

632 753 654 774 u
673 752 696 774 u
715 750 743 773 M
771 735 941 772 Ricardus
955 734 1108 777 Crocus,
1134 728 1335 776 Britannus,
1359 733 1417 780 qui
1435 731 1587 780 Lipsiam
1605 732 1806 777 advenerat,
1834 724 1960 767 statuis·

632 787 678 823 set
698 787 793 821 domi
819 785 885 819 suae
911 783 1108 832 quibusdam
1135 782 1264 829 privata
1288 794 1392 828 opera
1408 781 1584 817 Herodoti
1600 781 1754 816 historias
1771 781 1961 829 explicare,

634 849 694 872 nos
718 836 819 870 etiam
846 844 923 869 tum
943 833 984 868 ad
1009 832 1101 866 hunc
1128 840 1282 864 autorem
1311 830 1589 877 cognoscendum
1622 830 1641 865 a
1662 830 1825 879 magistro
1850 829 1962 865 sumus

633 883 728 920 misti.
762 882 835 918 Etsi
859 892 973 917 autem
990 881 1123 915 Crocus
1141 879 1199 913 vix
1228 880 1384 925 pervenit
1408 878 1448 913 ad
1463 878 1647 914 secundum
1673 880 1760 914 illius
1781 879 1905 914 autoris
1921 878 1962 912 li-

632 934 732 969 brum
751 932 961 967 enarratione
977 929 1051 973 sua,
1077 940 1145 976 ego
1163 936 1276 961 tamen
1295 937 1412 974 captus
1427 926 1607 963 dulcedine
1627 928 1663 963 &
1679 929 1846 976 elegantia
1860 937 1963 974 atque

633 984 734 1018 etiam
752 981 913 1016 facilitate
931 978 1154 1026 scriptorum,
1181 987 1286 1023 quum
1305 973 1460 1010 celeriter
1475 975 1705 1012 diversitatem
1723 974 1889 1024 quandam
1898 976 1964 1010 sei·-

634 1032 764 1074 monis,
789 1041 890 1077 quam
907 1024 1228 1074 Qaenlae>vocant‚
1255 1024 1475 1072 percepissem
1491 1048 1503 1068 ‚
1531 1025 1577 1059 ita
1593 1025 1707 1072 postea
1724 1026 1855 1072 semper
1871 1026 1907 1059 in
1923 1024 1963 1058 il-

289 1088 325 1124 lo
342 1083 489 1136 legendo
507 1082 589 1120 haefi
613 1091 713 1128 atque
737 1077 971 1126 perseveravi,
997 1085 1035 1110 ut
1058 1074 1329 1122 qualemcunque
1356 1071 1482 1118 (sentio
1506 1074 1596 1108 enim
1623 1072 1723 1121 quam
1749 1076 1873 1122 exigua
1887 1074 1964 1108 haec

292 1138 351 1177 iit)
370 1133 567 1172 facultatem
585 1132 722 1166 Graecae
739 1129 866 1175 linguae
883 1125 1081 1171 consequuti
1097 1123 1306 1165 liiiiiiis‚e21m
1325 1128 1447 1170 magna
1462 1134 1504 1156 ex
1521 1132 1617 1169 parte
1632 1123 1806 1158 Herodoti
1825 1120 1965 1158 leffioni

290 1195 467 1234 acceptam
484 1182 607 1217 referre
623 1179 815 1214 debeamus.
859 1175 979 1221 Itaque
995 1174 1029 1207 &
1047 1184 1138 1206 nunc
1163 1183 1240 1205 eum
1265 1182 1334 1217 quo
1357 1180 1431 1204 tum
1448 1170 1520 1205 usus
1537 1171 1585 1206 fui
1602 1174 1803 1219 (acceptum
1820 1170 1838 1206 a
1855 1173 1965 1220 magi-

291 1235 380 1275 stro)
408 1230 583 1269 Herodoti
599 1227 754 1263 codicem
767 1250 778 1269 ,
805 1222 984 1258 tractatum
1005 1220 1240 1267 versatumque
1258 1218 1276 1253 a
1297 1231 1351 1252 me
1368 1216 1576 1267 plurimum,
1600 1220 1758 1255 omnibus
1772 1222 1807 1255 in
1824 1221 1966 1270 pagellis

293 1280 538 1319 nOtatiunculis
556 1274 591 1312 ἓί
610 1277 774 1323 scriptura
789 1272 900 1306 nostra
918 1270 1202 1318 insignem,inte1‘
1218 1268 1299 1302 alios
1318 1279 1435 1302 omnes
1451 1267 1485 1302 &
1503 1268 1611 1317 diligo
1631 1267 1799 1313 maxime,
1824 1270 1860 1304 &c
1877 1282 1964 1318 quo-

291 1334 354 1367 ties
373 1329 463 1366 sorte
482 1328 613 1377 aspexi,
638 1337 707 1359 non
722 1333 872 1369 unquam
888 1318 958 1354 fere
976 1329 1165 1365 temperare
1197 1317 1282 1350 mihi
1301 1316 1431 1363 possum
1447 1317 1530 1363 quin
1545 1317 1692 1364 aperiam
1709 1343 1721 1362 ,
1747 1317 1783 1351 ἃ
1799 1319 1833 1352 in
1848 1330 1889 1352 eo
1904 1319 1965 1353 ali-

291 1381 374 1428 quid
390 1381 512 1427 legam.
539 1377 636 1410 Tum
651 1372 739 1408 redit
754 1371 788 1404 in
804 1369 1004 1403 memoriam
1021 1367 1157 1414 puerilis
1175 1365 1273 1399 studii
1286 1364 1525 1413 jucundissima
1540 1366 1728 1414 cogitatio:
1757 1366 1793 1401 &
1810 1366 1905 1401 illum
1917 1367 1965 1403 la-

291 1430 411 1464 borem
429 1426 659 1464 mediocrem,
685 1430 756 1453 non
771 1427 885 1452 tamen
903 1415 998 1450 fuiss'e
1015 1415 1157 1449 omnino
1177 1413 1286 1455 ἅλιον,
1311 1415 1368 1454 ›s'dL'
1383 1417 1523 1450 οἱτὲλεςον
1542 1416 1634 1460 ἱδςώ6’
1651 1412 1678 1448 ὃν
1694 1417 1825 1462 ἵδρωσα,
1852 1415 1963 1451 laetor,

293 1480 462 1513 Autorem
489 1483 603 1508 autem
623 1469 722 1504 istum
740 1466 827 1501 tanti
843 1464 931 1499 facio
949 1464 1063 1498 animo
1080 1474 1177 1505 meo,
1200 1471 1240 1496 ut
1257 1461 1389 1496 nullum
1407 1463 1563 1497 omnium
1580 1463 1723 1498 aliorum
1740 1464 1820 1500 huic
1838 1463 1962 1500 merito

295 1524 456 1573 anteponi
475 1521 566 1570 poss'e
583 1517 745 1555 censeam.

479 992 496 1000 a
513 955 525 975 Ἰ
548 960 614 1009 aa&

339 1011 355 1044 '‹>
380 1024 564 1058 ms*
592 1014 604 1025 '

1037 1592 1137 1626 Paulo
1146 1585 1223 1639 post.

343 1683 472 1735 Neque
487 1695 543 1719 me
561 1679 673 1730 fugit,
699 1677 791 1728 poffe
806 1676 874 1712 hoc
889 1673 1124 1718 testimonium
1140 1672 1182 1707 de
1198 1671 1384 1708 Herodoto
1401 1675 1516 1707 meum
1534 1671 1641 1709 videri
1657 1674 1764 1723 magis
1780 1674 1902 1710 amoris
1918 1673 1965 1710 es¹3

293 1736 324 1772 se
339 1749 419 1786 erga
439 1734 536 1771 illum
554 1742 624 1767 tam
640 1730 747 1777 longo
766 1736 923 1773 tempore
939 1722 1157 1766 confirmati,
1181 1720 1284 1769 quani
1303 1720 1437 1767 judicii,
1463 1721 1517 1757 vel
1534 1723 1636 1758 etiam
1655 1723 1714 1758 illo
1732 1724 1800 1759 hoc
1816 1723 1879 1759 effe
1889 1736 1966 1759 001-

294 1797 446 1836 ruptum.
474 1782 616 1818 Notum
632 1779 723 1814 enim
741 1774 834 1824 quod
851 1773 886 1807 ἃ
902 1771 1064 1820 astrologi
1081 1769 1240 1818 usurpant
1257 1796 1268 1814 ‚
1298 1769 1351 1805 τίμ)
1369 1775 1480 1814 φιλίων
1502 1775 1526 1822 ²}
1545 1773 1575 1806 τὰ
1599 1780 1699 1817 pter&
1717 1774 1836 1808 ἐλατἹὲν
1857 1774 1898 1808 τοὶ
1911 1778 1968 1819 μὲ-

294 1850 372 1881 γιςοι
384 1860 395 1878 ,
420 1838 445 1882 ’37
466 1830 645 1878 μεγαλύνων
667 1827 708 1863 τοὶ
724 1821 915 1871 winedi-005.
943 1821 1169 1868 Qiapropter
1185 1819 1252 1853 hoc
1269 1820 1348 1853 loco
1364 1819 1492 1866 placuit
1508 1821 1629 1856 caussas
1644 1834 1817 1870 exponere
1825 1831 1968 1858 curtan-

295 1886 321 1920 ti
341 1884 486 1919 facerem
504 1879 621 1922 illum,
645 1876 681 1910 &
697 1874 804 1910 veluti
820 1872 966 1907 rationes
981 1871 1106 1904 referre
1122 1868 1296 1903 sententiae
1314 1868 1457 1912 nostrae,
1482 1878 1584 1917 atque
1601 1871 1703 1906 etiam
1720 1870 1968 1919 respondereiis

293 1945 370 1981 quae
388 1928 627 1967 rescivissemus
642 1923 796 1960 adversus
814 1920 922 1969 ipsum
940 1919 1008 1953 dici
1024 1917 1127 1953 solere
1146 1930 1153 1951 :
1180 1927 1227 1951 ut
1238 1916 1384 1965 intelligi
1402 1918 1510 1964 posset
1526 1943 1538 1962 ,
1562 1930 1672 1967 neque
1688 1929 1748 1955 no's
1763 1929 1891 1956 temere
1908 1929 1966 1956 aut

295 1983 338 2017 de
353 1980 475 2030 puerili
494 1973 704 2026 persuasione
719 1971 861 2020 quadam
880 1969 975 2004 illum
994 1967 1183 2010 celebrare,
1210 1964 1246 1999 ἃ
1262 1964 1474 2000 insectatores
1489 1966 1590 2014 ipsius
1605 1968 1644 2003 ad
1663 1969 1884 2018 malignitatis
1900 1970 1966 2004 cri-

295 2043 375 2065 nien
390 2028 557 2077 quandam
576 2025 678 2060 etiam
696 2019 936 2070 imprudentiae
954 2016 1177 2065 ignominiam
1196 2014 1255 2048 sibi
1272 2015 1448 2049 accersere.
1482 2017 1535 2050 Ac
1550 2017 1661 2052 nostra
1676 2017 1838 2053 sententia
1853 2019 1968 2065 paucis

296 2080 351 2114 illa
368 2078 506 2126 quidem
522 2072 794 2109 confirmabitur.
820 2066 990 2115 responsio
1007 2066 1070 2100 erit
1088 2064 1246 2112 longior5
1272 2071 1310 2098 ut
1328 2064 1456 2098 necess'e
1472 2064 1537 2099 est:
1564 2065 1606 2100 de
1622 2078 1687 2113 qna
1703 2075 1816 2100 tamen
1833 2067 1866 2101 ὃ(
1884 2065 1965 2111 ipsa,

297 2127 451 2163 inductio
469 2124 571 2160 animi
590 2123 657 2156 mei
676 2122 710 2155 ἃ
731 2119 902 2154 rationum
925 2113 1100 2149 conclusio
1122 2113 1229 2160 magis
1251 2122 1351 2158 atque
1367 2113 1490 2147 certius
1505 2114 1632 2160 poterit
1648 2113 1800 2162 perspici.
1841 2114 1966 2161 Qium

299 2177 405 2226 igitur
421 2175 455 2209 in
472 2181 676 2219 quocunque
694 2179 812 2204 autore
827 2167 862 2200 in
878 2164 995 2213 primis
1017 2162 1049 2197 id
1069 2161 1161 2210 quod
1176 2161 1217 2195 ab
1234 2161 1292 2195 illo
1310 2160 1498 2207 susceptum
1514 2161 1562 2196 est
1577 2162 1616 2196 ad
1632 2163 1873 2210 exponendum
1891 2189 1902 2208 ‚
1928 2163 1965 2198 &-

298 2224 366 2274 ipsa
381 2221 551 2271 expositio
569 2245 580 2264 3
606 2216 808 2253 considerari
825 2214 944 2248 soleat:
971 2212 1006 2246 in
1021 2212 1134 2259 priore
1150 2211 1225 2244 haec
1242 2209 1311 2243 fere
1327 2208 1502 2256 spefitanda
1519 2210 1560 2244 ad
1578 2210 1709 2245 laudem
1727 2212 1884 2247 existimo
1900 2237 1912 2256 ,
1939 2212 1964 2248 fi

298 2287 349 2309 eae
366 2286 417 2308 res
434 2271 578 2317 sumptae
595 2266 803 2312 delectatque
828 2262 893 2297 sint
917 2273 1058 2309 quarum
1082 2259 1282 2307 cognitione
1307 2258 1362 2292 alii
1383 2258 1561 2305 adjuvari,
1587 2271 1732 2307 quaeque
1756 2261 1834 2308 ipsa:
1850 2261 1965 2309 suapte

297 2323 452 2360 bonitate
469 2320 601 2369 placere
619 2315 712 2364 poss'e
726 2313 922 2349 videantur:
952 2310 986 2343 in
1001 2309 1187 2357 posteriore
1205 2332 1215 2350 ‚
1242 2307 1265 2342 si
1283 2306 1452 2354 expositio
1468 2306 1509 2342 sit
1525 2307 1635 2342 verbis
1652 2307 1889 2358 sententiisque
1904 2323 1963 2358 ap-

297 2382 332 2408 ta
346 2382 447 2419 atque
464 2367 696 2404 consentanea.
731 2361 823 2405 Qiae
838 2360 987 2394 breviter
1005 2357 1094 2392 dieta
1111 2356 1176 2391 late
1192 2365 1309 2404 patent
1325 2355 1364 2389 ad
1381 2355 1652 2404 intelligendum.
1686 2357 1752 2392 Sed
1767 2359 1803 2393 in
1817 2369 1966 2406 utroque

295 2420 378 2470 quid
396 2417 598 2456 Herodotus
620 2412 772 2462 neglexit
788 2434 800 2454 ,
826 2408 881 2444 vel
897 2419 966 2441 non
990 2406 1147 2454 praestitit
1171 2405 1284 2453 potius
1301 2429 1312 2448 ‚
1338 2404 1517 2451 quominus
1538 2405 1804 2452 praeclariflimus
1822 2407 1858 2442 δε
1875 2408 1965 2443 cele-

296 2470 462 2506 berrimus
477 2476 576 2502 autor
594 2462 711 2499 haberi
726 2459 847 2494 debeat
862 2455 875 2490 ?
906 2456 997 2490 Nam
1023 2467 1098 2501 quae
1121 2453 1255 2488 accedit
1276 2453 1482 2500 antiquitatis
1499 2455 1661 2489 autoritas
1675 2479 1687 2498 ‚
1713 2456 1829 2503 quanti
1845 2455 1881 2490 ἃ
1898 2455 1965 2505 ipsa

298 2519 338 2554 sit
354 2516 500 2567 putanda
515 2540 528 2560 ‚
553 2520 786 2561 quantumque
809 2504 966 2554 ponderis
982 2503 1102 2538 habeat
1119 2528 1130 2547 ‚
1157 2503 1230 2550 quis
1253 2514 1322 2536 non
1340 2500 1453 2536 videt?
1471 2501 1601 2548 Qiisve
1618 2504 1753 2552 ignorat
1769 2529 1781 2548 ⁹
1808 2506 1964 2542 omnium

297 2565 457 2603 consensu
481 2564 663 2599 maximam
689 2559 770 2594 huic
793 2554 926 2591 laudem
943 2578 954 2596 ‚
978 2552 1235 2587 admirationem
1252 2575 1264 2594 ,
1290 2551 1511 2585 reverentiam
1535 2551 1681 2586 deberi?
1706 2553 1826 2599 Quum
1849 2563 1964 2590 autem

296 2618 450 2664 priorum
467 2621 665 2660 temporum
681 2606 856 2647 historias,
881 2602 1047 2638 variarum
1072 2600 1209 2647 quidem
1234 2600 1387 2648 gentium
1408 2625 1419 2643 ,
1445 2599 1497 2633 sed
1514 2599 1723 2647 potissimum
1740 2603 1910 2637 Persarum
1927 2602 1963 2638 ὃς

297 2666 504 2701 Graecorum
522 2686 534 2706 ,
560 2655 813 2707 componendas
829 2653 864 2687 ὃς
883 2651 1073 2686 narratione
1088 2649 1143 2683 sua
1158 2647 1366 2695 exequendas
1380 2646 1566 2695 suscepisset
1581 2673 1593 2694 ‚
1619 2661 1733 2685 nonne
1748 2652 1862 2698 potius
1876 2663 1964 2697 prae-

299 2712 457 2761 cipuas&
473 2709 648 2760 praeclaras
661 2717 711 2742 res
728 2702 928 2750 complexus
943 2699 991 2734 cst
1008 2697 1222 2746 expositione
1236 2695 1416 2743 sua,quam
1432 2697 1529 2732 nihili
1546 2708 1646 2746 atque
1662 2698 1796 2734 futiles?
1819 2708 1857 2733 ut
1872 2699 1964 2734 fece-

301 2774 337 2797 re
348 2787 359 2806 ,
385 2758 563 2795 fortasse&
579 2764 708 2792 veteres
724 2752 846 2800 aliqui,
872 2758 963 2784 certe
982 2747 1207 2795 posteriorum
1223 2757 1265 2780 ex
1282 2745 1340 2779 illo
1355 2757 1479 2793 genere
1494 2745 1677 2794 sophistico
1692 2746 1811 2791 multi,
1837 2749 1895 2795 qui
1912 2749 1964 2782 ni-

300 2808 350 2845 hil
365 2809 426 2844 nisi
450 2808 538 2843 inani
558 2805 700 2854 quadam
721 2800 948 2837 oblectatione
963 2797 1091 2831 animos
1114 2796 1238 2830 levium
1255 2793 1466 2840 quorundam
1484 2795 1617 2830 afficere
1634 2795 1841 2831 studuerunt.
1876 2796 1962 2834 sicut

300 2858 355 2894 ille
372 2858 656 2904 AEthiopicorum
674 2852 709 2886 ἃ
726 2853 814 2886 Deae
832 2847 939 2896 Syriae
954 2855 1052 2880 autor
1071 2858 1077 2878 :
1104 2845 1146 2879 de
1164 2842 1283 2891 quibus
1306 2841 1403 2876 facile
1419 2843 1601 2879 existimari
1618 2844 1728 2892 potest
1744 2842 1786 2879 de
1802 2843 1964 2882 similibus

300 2905 459 2955 operibus
477 2905 630 2939 aliorum.
658 2902 754 2949 Ergo
772 2897 857 2933 nihil
880 2895 945 2930 tale
972 2895 1005 2927 in
1022 2893 1088 2928 hoc
1112 2892 1175 2927 css'e
1192 2901 1308 2926 autore
1329 2889 1490 2926 affirmo?
1519 2893 1669 2927 Minime
1691 2892 1849 2939 equidem
1871 2906 1879 2928 :
1906 2894 1962 2931 scd

301 2956 370 2991 hoc
387 2962 491 3001 caput
506 2953 568 2986 effe
585 2951 734 2985 historiae
757 2959 847 2994 nego
864 2970 876 2988 ‚
901 2952 1005 2989 quum
1024 2941 1063 2976 sit
1082 2942 1194 2989 potius
1222 2940 1389 2986 expolitio
1406 2940 1441 2974 ὃς
1457 2940 1675 2990 exaggeratio
1691 2941 1845 2987 quaedam
1864 2942 1963 2980 illius,

301 3006 557 3052 Argumentum
581 3008 695 3034 autem
719 2997 755 3030 &c
780 3003 883 3041 caput
901 2990 1021 3038 quod?
1048 2988 1260 3024 fundationes
1277 3012 1288 3031 ,
1312 2987 1498 3023 eversiones
1514 3014 1525 3033 ,
1551 2989 1755 3023 mutationes
1778 3001 1964 3044 regnorum

300 3053 528 3088 maximorum
547 3073 559 3092 ‚
584 3043 909 3094 opulentissimarum
933 3038 1068 3073 urbium
1092 3037 1359 3085 expugnationes
1374 3061 1385 3080 ‚
1418 3036 1631 3072 succeffiones
1653 3038 1963 3084 potcntjffimmum

298 3112 418 3154 regum
435 3124 447 3145 ‚
472 3097 767 3135 celeberrimarum
783 3091 961 3126 civitatum
980 3086 1125 3122 fortunae
1142 3087 1177 3121 &
1194 3085 1343 3134 imperia.
1377 3086 1501 3121 Oratio
1517 3097 1598 3122 vero
1617 3097 1729 3121 nonne
1746 3087 1963 3135 placidiffime

1905 3139 1963 3174 de-
