2182 3611
520 158 1462 209 DEDICATIO.

119 289 258 327 num,
295 266 654 322 commoditates
681 266 730 313 &
754 262 1013 313 occasiones
1037 300 1049 322 ,
1087 283 1187 333 quae
1214 263 1319 311 seris
1345 266 1486 310 etiam
1514 267 1641 311 annis
1667 262 1875 312 stimulos

120 338 351 408 praebeant
375 337 431 384 ad
456 337 667 401 egregios
691 336 906 399 impetus.
982 335 1055 380 Sic
1079 348 1205 380 certe
1238 349 1398 397 agrum
1425 332 1683 380 colentibus
1709 349 1873 398 jucun-

118 408 227 455 dum
253 403 343 462 est,
382 402 414 451 fi
440 404 546 460 ille,
577 401 704 469 quod
731 399 1012 467 expetebant
1037 435 1051 458 ‚
1088 399 1209 465 justo
1232 416 1442 466 tempore
1468 397 1701 465 splendeat
1725 400 1871 448 fertili

117 474 316 523 semente
344 495 355 529 ;
394 470 468 518 sed
496 487 775 536 magnopere
813 468 994 534 insuper
1030 468 1230 516 delectat
1255 505 1267 524 ,
1307 467 1336 514 s1
1375 469 1501 533 quod
1527 485 1619 515 non
1646 468 1870 533 praevide-

117 541 228 589 bant
252 577 264 599 ,
313 543 359 587 in
392 538 618 587 fodiendo
654 540 883 603 aperiatur
919 534 1172 584 thesaurus.
1244 534 1432 583 Gavisus
1470 532 1560 582 fuit
1597 535 1688 583 sine
1726 534 1870 584 dubio

116 610 300 658 Fulvius
326 605 739 672 Nobilior-,quum
766 604 1016 652 Ambracia
1046 602 1229 652 subacta
1253 600 1585 669 triumpharet,
1601 603 1726 669 quod
1751 602 1872 651 mul-

118 681 174 725 tis
210 674 444 724 laboribus
481 673 782 742 quaefiverat5
825 672 901 719 sed
926 680 968 719 ὅς
994 673 1163 738 volupe
1197 672 1265 718 illi
1299 670 1389 717 fuit
1426 684 1536 717 tuuc
1561 707 1572 727 ,
1605 673 1730 737 quod
1756 690 1872 739 prae„

116 748 361 810 concipere
385 745 460 789 vix
484 756 667 809 poterat
691 776 708 799 ,
744 745 943 787 Romam
982 757 1063 807 per
1099 738 1246 806 ipsum
1276 739 1540 804 deportatas
1577 742 1633 785 ad
1666 739 1871 805 spectan-

117 814 226 860 dum
250 809 405 862 invehi
431 813 477 857 in
501 810 586 857 illo
608 808 849 875 triumpho
883 811 1064 872 ignotas
1090 822 1223 854 antea
1248 824 1415 854 novem
1443 804 1678 853 Musarum
1705 812 1869 876 imagi-

115 898 193 928 nes
216 878 297 927 sub
322 877 525 926 Hercule
549 876 789 942 Musagete
805 912 816 933 ,
855 879 1001 923 varios
1024 875 1077 923 ad
1104 877 1289 922 mitiora
1313 873 1460 921 studia
1482 880 1718 923 tractura&

185 950 359 1015 Neque
384 944 493 994 vero
519 961 670 993 tacere
695 942 776 991 hic
803 942 978 1001 debeo,
1018 959 1303 1011 quantopere
1328 941 1408 988 has
1434 945 1599 1008 primas
1622 947 1870 1008 cogitatio-

117 1019 183 1064 nis
217 1018 263 1063 in
299 1033 373 1062 me
410 1012 711 1062 adolescentis
748 1010 932 1059 umbras
960 1046 972 1068 ‚
1012 1027 1090 1058 aut
1123 1014 1273 1058 verius
1312 1011 1507 1057 dixerim
1536 1046 1547 1067 ,
1586 1009 1706 1058 hanc
1743 1013 1866 1078 quali

117 1085 467 1151 praerogativam
491 1117 504 1139 ,
541 1097 704 1146 vagam
742 1080 853 1127 licet
889 1083 1205 1147 incertamque
1231 1114 1242 1135 ,
1282 1084 1325 1125 &
1353 1094 1446 1125 tam
1483 1079 1626 1142 longo
1660 1094 1870 1146 tempore

117 1166 504 1206 antecurrentem,
521 1147 868 1196 memorabili&
884 1150 1086 1194 maximo
1108 1162 1348 1193 momento
1372 1149 1619 1193 muniverit
1642 1147 1738 1195 dies
1763 1152 1870 1196 anni

117 1234 401 1274 MDCvain,
415 1220 495 1284 qui
511 1217 606 1263 dies
630 1232 728 1264 erat
750 1233 790 1263 a.
806 1215 851 1262 d.
869 1231 920 1263 iv
935 1216 1040 1262 Idus
1054 1217 1241 1281 Januar.
1257 1231 1395 1282 quem
1410 1213 1576 1264 Vestra
1591 1218 1735 1263 Curia
1759 1234 1871 1264 con-

116 1288 251 1337 sensit
274 1286 416 1333 indici
451 1283 617 1331 festum
642 1282 751 1331 huic
778 1284 1058 1331 Academiae.
1134 1286 1352 1348 Qantus
1389 1282 1466 1328 ille
1504 1280 1720 1348 splendor
1744 1300 1868 1341 erat,

116 1372 260 1424 quum
296 1351 606 1420 speetaculum
639 1368 765 1399 certe
800 1350 1064 1398 inusitatum
1110 1349 1368 1416 praeberent
1402 1349 1693 1397 Serenissima·
1720 1354 1870 1416 Regia

118 1421 363 1473 Celfitudo
389 1426 430 1469 C
448 1437 478 1467 ο
494 1436 514 1468 s
530 1434 600 1467 Ml
629 1423 694 1467 111
723 1418 1038 1485 benigniffime
1059 1420 1248 1465 audiens
1273 1424 1317 1464 ἃ
1339 1417 1541 1484 spectans
1557 1453 1570 1474 ‚
1611 1433 1709 1465 tum
1734 1423 1870 1467 Pater

117 1509 245 1541 meus
268 1505 487 1537 venerans
510 1495 555 1535 δε
577 1488 833 1554 alloquens.
909 1488 962 1534 Id
997 1484 1213 1554 placuisse
1236 1501 1347 1533 tunc
1373 1484 1562 1553 quidem
1587 1485 1739 1551 passim
1775 1505 1872 1533 me-

118 1562 231 1609 mini
255 1581 266 1615 3
306 1554 382 1606 sed
405 1555 522 1604 mihi
546 1559 745 1623 penitius
770 1558 968 1603 intuenti
991 1558 1084 1620 jam
1115 1554 1255 1602 ardua
1277 1551 1607 1602 desideriorum
1631 1571 1840 1602 meorum
1856 1592 1868 1614 ‚

120 1630 260 1676 tacita
271 1642 458 1692 quoque
482 1640 593 1671 tunc
616 1621 929 1671 conformatio
953 1621 1430 1686 immittebatur-,quse
1454 1621 1614 1667 oculos
1640 1637 1867 1670 erraturos

120 1696 328 1759 alioquin
350 1694 398 1737 in
421 1689 757 1756 peregrinando
786 1691 907 1736 ultra
931 1690 1075 1754 Alpes
1108 1692 1157 1734 in
1174 1687 1537 1734 formosissimam
1560 1690 1750 1735 Etruriae
1775 1690 1878 1736 val-⁴

115 1763 209 1811 lem
232 1759 470 1823 dirigeret.

190 1832 276 1876 Per
297 1824 378 1874 has
400 1823 537 1873 scalas
561 1823 678 1873 mihi
703 1824 890 1874 tandem
915 1825 1041 1873 venit
1063 1824 1253 1872 licentia
1274 1821 1547 1872 escendendi
1573 1822 1625 1871 ad
1654 1821 1735 1871 ista
1761 1828 1868 1871 Par«

122 1894 253 1946 nussia
275 1894 476 1942 culmina
499 1892 737 1943 felicitatis
761 1892 1002 1940 uberrimae
1019 1929 1031 1950 ,
1069 1899 1116 1939 δε
1138 1909 1229 1958 qua
1251 1895 1475 1956 majorem
1499 1910 1582 1939 nec
1609 1894 1727 1938 ratio
1751 1891 1868 1938 mihi

123 1982 208 2013 nec
230 1960 324 2010 fors
347 1960 594 2027 subjecerit
617 1997 630 2018 ,
666 1977 720 2008 ut
756 1964 802 2008 in
827 1959 1162 2028 rempublicam
1186 1960 1434 2007 literariam
1458 1958 1694 2007 conferam
1718 1962 1871 2006 Hero-

123 2033 290 2080 dotum
311 2064 325 2087 ,
362 2027 395 2077 fi
419 2047 513 2079 non
537 2031 719 2096 penitus
742 2065 754 2087 ,
791 2030 938 2096 qualis
970 2047 1025 2075 ex
1059 2030 1256 2076 auctoris
1289 2045 1426 2075 manu
1448 2042 1553 2074 ante
1577 2024 1737 2074 saccula
1760 2045 1870 2094 pro-

124 2100 272 2148 dierat
295 2132 308 2153 ,
346 2111 472 2144 certe
502 2094 694 2143 infinitis
729 2099 775 2143 in
810 2100 923 2144 locis
958 2100 1023 2143 ita
1054 2111 1330 2162 reparatum.
1406 2094 1553 2162 Qiod
1591 2112 1735 2161 quum
1771 2112 1869 2143 rem

123 2182 300 2231 magnae
325 2164 459 2210 molis
488 2161 577 2211 effe
608 2178 792 2211 cernam
817 2187 827 2221 3
868 2180 965 2211 tum
991 2163 1020 2211 s1
1043 2162 1317 2211 ruminando
1341 2164 1627 2228 circumagar
1651 2168 1695 2210 δε
1720 2177 1872 2211 rever-

123 2250 193 2282 tar
217 2231 272 2280 ad
297 2231 394 2280 dies
418 2231 523 2278 illos
547 2267 561 2288 ,
597 2230 765 2299 quibus
803 2235 922 2279 inter
959 2231 1216 2298 locupletes
1242 2231 1346 2279 illos
1380 2230 1743 2298 pleniffimosque
1767 2232 1871 2298 plu-

126 2318 225 2351 teos
239 2299 481 2349 Mediceos
505 2296 699 2366 spatians
714 2336 726 2357 ,
741 2301 1066 2347 Herodoteum
1089 2296 1210 2347 istud
1233 2299 1468 2364 exemplar
1483 2336 1493 2356 ,
1514 2298 1732 2366 palmaria
1755 2318 1869 2366 prce-

123 2371 367 2431 dicatione
393 2367 586 2434 dignum
610 2402 623 2425 ,
671 2385 764 2414 non
800 2367 986 2415 videndi
1023 2366 1167 2415 modo
1189 2403 1203 2425 ,
1240 2365 1316 2415 sed
1353 2369 1464 2414 dum
1503 2385 1570 2414 res
1607 2366 1746 2414 dabat
1770 2404 1783 2424 ,
1822 2371 1869 2415 in

126 2437 375 2505 complexu
397 2442 441 2484 δε
466 2433 677 2483 manibus
702 2433 904 2483 habendi
929 2435 1240 2502 volvendique
1263 2434 1490 2502 potestate
1515 2434 1667 2482 fruens
1692 2435 1870 2482 exulta-

125 2506 232 2554 bam
251 2506 308 2553 ad
330 2507 574 2553 veritatem
597 2506 795 2571 antiquae
817 2502 1074 2570 scripturae,
1097 2506 1174 2550 vix
1197 2506 1289 2550 mei
1313 2520 1505 2569 compos
1531 2520 1709 2550 maneo.
1750 2504 1870 2549 Stel-

126 2576 190 2623 las
212 2573 269 2622 ad
292 2590 366 2620 me
388 2570 662 2620 descendere
684 2570 929 2619 credebam
945 2607 958 2627 ,
995 2573 1178 2638 quoties
1203 2586 1282 2617 aut
1304 2573 1351 2618 in
1374 2570 1565 2617 historia
1587 2568 1869 2635 cognoscen-

126 2643 185 2690 da
205 2656 283 2690 aut
315 2643 364 2688 in
381 2642 545 2689 Graeca
568 2642 825 2687 narratione
864 2640 1037 2706 aliquid
1072 2639 1290 2706 liquidius
1329 2654 1516 2703 repente
1554 2639 1714 2685 oculos
1739 2655 1865 2685 meos

126 2708 323 2758 subibat.
396 2710 512 2755 Satis
545 2707 707 2755 dextre
746 2710 867 2754 enim
899 2704 1304 2773 deprehendebam
1342 2707 1456 2754 lucri
1494 2704 1721 2772 praesentis
1767 2724 1868 2772 pre-

126 2781 242 2825 tium
258 2813 271 2835 ,
306 2791 360 2823 ut
381 2766 544 2823 ab‘ista
565 2774 681 2824 hora
700 2793 792 2822 non
815 2776 935 2822 ultra
958 2792 1149 2839 cogerer
1172 2777 1372 2840 peccatis
1403 2774 1561 2822 alienis
1582 2774 1864 2829 concedere3

128 2848 272 2892 immo
306 2857 581 2910 conceptam
615 2844 897 2891 Herodoteis
932 2840 1268 2908 exemplaribus
1304 2840 1632 2889 obscuritatem
1673 2841 1868 2908 diffipari

127 2912 312 2960 tandem
334 2926 472 2978 atque
495 2909 751 2959 exolescere
775 2909 1004 2958 sentirem.
1033 2913 1102 2957 lta
1125 2925 1313 2977 apparet
1336 2908 1392 2957 ab
1416 2912 1550 2957 unica
1563 2907 1729 2957 Vestra
1754 2909 1870 2956 libe-

127 2981 306 3028 ralitate
330 2982 502 3045 primos
526 2978 794 3045 appetendae
820 2977 954 3044 hujus
978 2995 1127 3045 operae
1152 2992 1332 3044 coeptus
1356 2976 1471 3023 mihi
1496 2980 1675 3025 innatos
1699 3013 1711 3033 ,
1749 2977 1870 3024 ultra

125 3047 400 3096 decennium
424 3047 683 3094 occultatos
707 3053 751 3095 δε
776 3049 928 3095 inanes
946 3082 958 3104 ‚
996 3048 1194 3114 denique
1219 3045 1436 3094 Altorem
1459 3044 1509 3093 &
1532 3047 1777 3092 Fautorem
1802 3047 1871 3091 in-.

1260 3112 1328 3145 Μ(
1700 3110 1868 3159 venisse
