2182 3611
688 158 1634 211 DEDICATIO.

280 270 448 322 venisse
474 266 636 318 Vestra
657 269 957 318 vehementer
981 282 1077 317 arte
1102 268 1420 316 conciliatum.
1492 267 1604 316 Fors
1628 265 1728 316 fuat
1752 303 1765 326 ‚
1802 280 1855 316 ut
1876 265 1954 316 lux
1979 265 2035 313 il-

278 342 321 389 la
347 342 588 388 nominum
612 337 889 389 Vestrorum
922 341 970 384 in
996 337 1175 384 ltaliam
1202 336 1452 402 aliquando
1474 334 1654 385 deferat
1678 338 1892 384 notitiam
1919 353 2035 403 prae-

278 407 453 457 stantiae
479 444 492 465 ‚
530 426 620 475 qua
653 407 841 454 excellit
874 405 1005 473 super
1035 409 1191 453 omnia
1226 403 1308 452 iste
1341 405 1491 454 codex
1527 419 1771 472 tantopere
1794 404 2034 453 historiam

276 492 483 525 veterem
510 493 591 541 per
616 474 822 523 universa
845 474 1057 543 supplens
1083 510 1095 531 ,
1134 473 1288 521 lauans
1311 480 1357 522 δε
1379 473 1697 539 redintegrans
1723 510 1735 531 ‚
1775 480 1818 521 δε
1845 473 2035 521 Floren-

278 548 391 593 tiam
415 543 642 593 exhilaret
665 542 853 610 publica
876 542 1066 591 humani
1088 544 1268 608 generis
1294 542 1632 591 commoditate
1656 543 1788 591 auE'ca
1812 578 1826 600 ,
1862 558 1914 589 ut
1939 556 2034 590 tam

277 612 524 681 conspicua
547 610 861 680 antiquissimae
895 613 1072 659 notitiae
1107 611 1378 675 adjumento
1411 609 1638 659 illustrato
1661 628 1741 678 per
1766 609 1966 659 fanestam
1988 627 2036 657 ε..
2079 626 2081 630 ·

276 685 346 747 jus
372 680 627 729 custodiam
644 716 657 737 ,
692 681 894 746 gaudeat
919 697 1059 746 porro
1082 676 1306 727 fimilibus
1330 680 1554 747 exemplis
1579 680 1804 727 decorari.

348 753 587 797 Caeterum
624 749 735 796 dum
770 751 817 796 in
851 746 939 797 hac
964 745 1308 795 conspiratione
1341 751 1581 795 munditiae
1605 748 1840 796 Herodoti
1866 759 1940 795 me
1965 764 2039 795 re..

278 835 412 875 creo,
450 816 686 882 ambigere
710 818 912 884 incipio,
950 831 1107 864 utrum
1134 815 1400 865 Academiae
1422 852 1436 874 ‚
1473 833 1614 883 quam
1638 816 1772 874 colo,
1809 832 1865 863 an
1891 818 2036 881 magis

278 886 392 933 ludo
417 886 623 933 literario
645 921 658 943 ‚
696 903 836 953 quem
872 884 1035 942 colui,
1075 882 1168 931 hoc
1192 884 1370 932 donum
1403 882 1658 932 consecrari
1691 887 1718 932 a
1752 902 1824 932 me
1848 882 2038 934 debeat.

281 957 491 1021 Utraque
526 952 704 1005 Vestrae
741 956 895 1001 Curiae
921 950 1258 1000 administratio
1280 950 1344 1000 est
1368 975 1383 1010 5
1421 950 1659 1019 utriusque
1683 951 1891 1000 custodia
1914 970 2040 1003 ama-

278 1020 436 1070 biliter
460 1040 541 1090 per
574 1040 715 1070 annos
749 1023 796 1068 in
818 1020 1034 1072 Vestram
1067 1038 1224 1068 curam
1249 1028 1294 1068 δε
1326 1037 1514 1068 manum
1551 1036 1737 1088 recepta
1772 1019 1948 1079 floret3
1985 1039 2039 1068 u..

277 1106 489 1158 tranique
512 1088 630 1156 juffu
652 1087 826 1140 Vestro
852 1087 1097 1156 percenseo
1120 1096 1165 1137 &
1225 1106 1276 1136 ro
1300 1089 1424 1136 virili
1449 1104 1583 1156 parte¹
1610 1088 1803 1141 confero
1826 1124 1841 1146 ,
1877 1103 1929 1137 ut
1967 1090 2039 1137 di-

274 1157 516 1226 sciplinam
539 1156 789 1225 utrobique
813 1157 1096 1223 designatam
1128 1106 1336 1205 habeatis
1361 1154 1526 1205 sartam
1551 1162 1839 1223 tectamque3
1879 1161 1927 1204 in
1953 1174 2039 1224 po..

274 1225 465 1275 steriore
488 1230 629 1275 etiam
655 1225 748 1274 hoc
771 1243 860 1292 ago
877 1262 888 1282 ,
927 1241 978 1272 ut
1003 1224 1154 1273 forsan
1176 1225 1314 1274 alicui
1339 1222 1661 1273 munificentia
1681 1223 1850 1275 Vestra
1872 1223 2039 1292 infigat

277 1313 432 1361 parem
467 1293 584 1343 mihi
624 1294 831 1342 indolem
859 1295 908 1343 δε
931 1293 1058 1360 quod
1083 1308 1199 1360 opto
1223 1329 1236 1351 ,
1275 1295 1403 1341 annis
1440 1291 1607 1340 futuris
1642 1292 1910 1359 gloriosam.
1982 1296 2038 1341 In

275 1366 496 1430 proximis
522 1363 635 1411 ludo
659 1365 788 1411 annis
813 1399 827 1420 ‚
867 1363 980 1410 dum
1000 1361 1219 1410 audiendi
1251 1368 1294 1409 δε
1320 1361 1563 1408 erudiendi
1601 1360 1731 1410 causa
1761 1360 1886 1409 adfui
1914 1365 2039 1409 Aca-

273 1431 464 1490 demiae,
489 1433 691 1497 contigit
715 1428 831 1478 mihi
858 1447 1112 1499 praeparare
1137 1431 1420 1496 imperitiam
1446 1446 1597 1478 meam
1622 1447 1815 1495 eamque
1840 1427 2036 1487 sentire,

273 1501 401 1568 quod
425 1503 470 1548 in
494 1498 670 1548 morbis
694 1499 893 1548 multum
919 1498 1010 1556 est3
1050 1498 1194 1546 redux
1217 1497 1387 1547 deinde
1409 1500 1457 1546 in
1481 1498 1677 1546 eandem
1698 1496 1812 1564 saepe
1835 1496 2036 1545 diffundi

257 1586 375 1626 τηε,
409 1567 525 1635 saepe
551 1565 680 1616 refici
703 1583 918 1634 expertus
940 1566 1008 1615 fui
1033 1565 1096 1615 ob
1120 1567 1419 1615 Herodotum
1443 1568 1468 1613 Ξι
1492 1563 1536 1614 se
1558 1564 1657 1633 ipso
1680 1583 1763 1634 per
1785 1567 1899 1614 vitia
1921 1566 2040 1613 alio-

267 1653 370 1682 rum
390 1635 634 1682 diduetum
654 1641 702 1682 δε
723 1635 1006 1700 disjunctum
1030 1652 1151 1682 nunc
1175 1633 1257 1682 fibi
1281 1633 1653 1681 reconciliatum.
1713 1634 1865 1698 Quod
1888 1651 2036 1699 quum

272 1705 338 1751 ita
361 1700 416 1750 sit
440 1701 522 1750 fibi
550 1705 772 1750 innexum
791 1707 812 1759 ‚'
841 1716 896 1749 ut
918 1701 1073 1749 decidi
1097 1703 1124 1747 a
1147 1716 1221 1747 me
1245 1713 1445 1766 nequeat
1468 1733 1485 1756 ,
1521 1704 1567 1746 &
1591 1701 1670 1747 vix
1703 1699 1872 1748 debeat
1896 1723 1908 1758 3
1948 1700 2041 1750 sta-

271 1785 357 1818 tuo
378 1772 557 1837 optime
581 1787 638 1817 ex
669 1771 935 1818 caerimonia
968 1770 1159 1833 antiqua
1179 1765 1398 1818 Vestram
1420 1768 1629 1814 Laurum
1662 1765 1915 1834 utrobique
1938 1783 2039 1818 tam

271 1837 473 1887 feliciter
498 1835 744 1885 florentem
767 1840 794 1885 a
816 1854 890 1885 me
915 1854 1000 1902 pro
1023 1835 1198 1883 fascino
1222 1832 1540 1903 apprehendi,
1580 1834 1630 1882 δε
1652 1832 1774 1884 hanc
1796 1836 2033 1885 Herodoti

270 1923 439 1955 novam
461 1908 799 1972 reparationem
815 1940 829 1962 ‚
853 1905 981 1952 velut
1004 1903 1174 1952 sacram
1198 1919 1419 1952 coronam
1446 1904 1637 1951 Graeciae
1652 1938 1666 1961 ,
1690 1903 1747 1951 ad
1776 1902 1924 1970 postes
1949 1902 2034 1971 figi

271 1977 427 2024 Curiae
451 1971 629 2023 Vestrae
655 2010 669 2030 ‚
705 1988 758 2021 ut
793 1974 836 2020 ei
873 1968 1113 2038 praefidens
1150 1974 1366 2020 Minerva
1400 1988 1495 2019 non
1530 1970 1675 2018 modo
1707 1969 1834 2019 urbis
1871 1989 2031 2032 amor,

270 2041 346 2091 sed
381 2044 522 2090 etiam
555 2041 754 2089 clavium
791 2043 839 2088 in
873 2041 1024 2106 adytis
1061 2039 1211 2088 sanete
1247 2037 1472 2089 habendis
1504 2036 1678 2087 arbitra
1703 2074 1717 2095 ,
1756 2037 1871 2086 ficut
1906 2040 2031 2107 apud

269 2110 370 2161 suos
394 2106 812 2175 cognominabatur
835 2123 934 2156 turn
958 2121 1168 2166 noaigz&‚
1198 2122 1297 2155 tum
1319 2112 1538 2164 K722133z&2
1567 2104 1688 2154 hanc
1712 2123 1929 2157 aeternam
1943 2109 2038 2160 Be...

270 2180 511 2245 nignitatis
534 2176 712 2229 Vestrae
735 2175 876 2225 fidem
900 2175 1071 2224 servare
1096 2182 1141 2223 &
1167 2175 1433 2240 consignare
1458 2177 1598 2232 velit,
1640 2178 1795 2224 Deum
1819 2192 2028 2242 precans,

271 2262 323 2294 ut
343 2246 540 2295 Leidam
563 2245 797 2294 Herodoti
821 2243 1066 2293 fautricem
1089 2258 1188 2291 tum
1211 2243 1309 2292 aliis
1333 2240 1468 2291 rebus
1492 2240 1708 2291 omnibus
1724 2279 1744 2300 ‚f
1762 2258 1862 2292 tum
1885 2245 2029 2294 etiam

269 2312 429 2363 studiis
462 2317 699 2381 vige-ntem
731 2312 812 2362 sub
846 2311 1055 2380 praelidio
1087 2310 1259 2360 Vestro
1292 2325 1449 2360 cernat
1479 2318 1525 2360 δε
1559 2309 1766 2360 celebret
1799 2310 2030 2361 Christia-

271 2400 354 2431 nus
388 2381 532 2432 orbiS.
604 2380 788 2432 Dabam
819 2384 869 2431 in
894 2379 1023 2433 Urbe
1044 2379 1212 2431 Vestra
1244 2399 1285 2430 a.
1310 2380 1356 2429 d.
1383 2393 1471 2429 xlv
1494 2379 1726 2429 Calendas
1747 2380 1893 2448 Julias
1918 2383 2027 2442 anni,

273 2466 503 2501 MDCCXV.

1754 3087 2026 3139 LECTO,
