2182 3611
619 169 1331 216 PRAEFATIU.

110 271 163 313 bie
183 268 322 312 illorum
338 268 562 311 audientium
579 267 654 320 fibi
679 281 719 308 ea
740 264 1027 322 comparantibus
1049 264 1097 312 (ῤ’
1106 264 1162 320 fic
1185 275 1249 321 per
1269 264 1427 305 nationes
1445 264 1592 305 Graecas
1620 265 1847 322 dispergenti-

110 339 176 380 bus
197 336 262 378 hoc
278 338 469 392 scriptum.
523 336 699 387 Qorum
723 332 890 390 plurimis
912 332 1055 374 detritis
1085 341 1151 372 aut
1175 342 1238 387 per
1264 331 1437 371 humanos
1454 331 1566 387 'casm
1593 333 1722 387 amissis
1741 362 1753 380 ,
1779 346 1850 373 non

110 411 228 464 utique
250 405 400 458 contigit
420 403 537 443 omnia
562 401 685 442 cadere
707 402 745 440 in
767 399 955 455 lasciviam
980 397 1210 454 posteriorum
1235 397 1480 438 invidentium
1509 396 1557 442 ὠ
1583 398 1747 451 Ctefiana
1772 406 1852 438 ant-

102 472 333 530 plectentium
347 497 360 516 ,
388 471 451 524 qui
469 468 679 524 descripturi
696 465 757 522 ipfi
777 494 790 514 ,
815 465 880 506 vel
897 463 1167 519 describentium
1187 462 1354 503 tabernas
1374 462 1587 517 instructum·
1610 461 1714 517 falsis
1723 463 1852 519 suppo-

97 539 186 596 sitis
209 537 386 591 corrumpi
421 534 470 581 ό
491 535 604 576 rideri
628 531 853 574 Herodotum
873 531 1084 586 gaudebant
1106 553 1118 579 3
1134 530 1204 585 fi’d
1232 528 1392 571 credibile
1419 530 1468 583 est
1487 559 1498 577 ,
1524 531 1646 584 utique
1672 531 1856 585 postquam'

107 600 173 658 ista
201 601 351 658 lascivia
376 598 532 655 cognosci
565 601 667 653 coepit
688 626 700 644 ‚
735 606 859 638 contra
887 595 998 636 talem
1026 595 1322 651 depravationem
1351 594 1522 636 doctiores
1550 593 1599 641 ὧν
1627 592 1858 649 elegantiores

105 679 147 725 po
178 667 300 722 effores
318 667 382 707 hoc
404 664 507 720 egiffe
529 693 542 712 ,
573 673 616 703 ut
637 671 739 703 caute
758 663 804 703 ab
814 662 897 717 suis
918 660 1137 702 bibliothecis
1161 659 1224 701 illa
1241 659 1410 716 pervetfii
1435 659 1482 706 ό
1493 659 1652 715 scabiosa
1675 659 1858 715 abigeren-

108 741 172 773 tur
184 748 200 778 ;
227 733 296 773 hac
321 732 458 770 ratione
481 728 530 774 <sy
554 726 680 775 (ludios
699 727 777 782 fiiis
795 727 880 768 bene
906 725 1120 781 consulentes
1142 725 1190 772 ἄν
1199 726 1258 781 fic
1281 725 1501 781 providendo
1521 728 1629 766 etiam
1649 727 1692 768 de
1714 727 1862 782 pesteri-

109 808 184 840 tate
202 795 406 839 amabiliter
423 796 563 836 anxios.
617 795 754 834 Verum
780 792 921 846 exccffit
945 791 1205 847 superavitque
1229 791 1293 832 illa
1316 794 1490 847 gregaria
1514 791 1706 833 multitudo
1726 793 1862 834 vilium

108 865 265 907 codicum
286 893 299 913 ‚
325 876 410 918 quos
440 862 488 908 &¹
503 863 635 919 statim
658 861 734 917 posi
762 860 955 916 archetypa
977 857 1193 915 exemplaria
1219 856 1363 911 confieri
1392 859 1521 900 accidit
1544 889 1556 907 ,
1587 858 1635 904 ὠν
1657 869 1722 914 per
1747 873 1865 901 omnes

108 931 232 972 deinde
251 938 373 971 aetates
403 931 583 969 cernimus
606 930 828 968 continuatos
846 925 952 981 fuiffe
975 926 1023 967 ad
1042 925 1129 982 ipsos
1151 925 1254 981 praeli
1282 938 1363 965 cum
1383 925 1559 982 plumbeis
1583 925 1697 966 literis
1720 927 1864 966 inventi

109 1010 249 1036 annos:
277 993 375 1034 unde
402 991 719 1047 deprehendimus
737 993 778 1031 in
799 1005 933 1031 manus
952 992 1134 1045 plurium
1151 991 1295 1041 veniffe
1315 991 1438 1030 libros
1457 991 1699 1031 Herodoteos
1708 1001 1789 1046 per
1808 992 1865 1031 ci-

110 1060 261 1099 teriora
269 1057 415 1111 saecula
435 1056 676 1111 descriptos,
696 1056 774 1108 sed
788 1057 854 1110 qui
875 1067 1059 1096 carerent
1086 1055 1156 1108 ista
1178 1056 1320 1104 laude,
1350 1070 1464 1110 quam
1484 1056 1524 1098 ὅ
1540 1055 1750 1109 ‘Dionystm
1779 1055 1868 1096 Ha-

110 1127 358 1176 licarnaffem
376 1123 416 1167 ὦ
435 1122 710 1181 Quintilianus
736 1122 964 1163 attribuunt
981 1123 1176 1177 scriptori
1194 1125 1361 1178 prorfias
1389 1125 1567 1163 merenti.
1624 1122 1867 1175 Preticfiora

115 1191 155 1234 {⁶5
175 1199 365 1230 accurate
382 1189 505 1243 magis
522 1196 693 1227 exarata
712 1187 796 1240 ejus
814 1189 1014 1228 volumina
1043 1188 1223 1228 latibulis·
1246 1189 1368 1241 nescio
1397 1187 1535 1243 quibus
1553 1188 1734 1240 immersti
1743 1188 1868 1240 ficut,

102 1257 244 1311 forsan
263 1255 367 1294 ultro
385 1255 433 1305 β’
453 1252 752 1304 abscondentia,
783 1266 830 1292 ue
848 1252 896 1291 ab
915 1252 985 1306 ista
1005 1255 1113 1307 copia
1130 1254 1382 1307 perditorum
1402 1257 1684 1309 exemplarium
1692 1257 1791 1308 situs
1809 1255 1869 1295 ni-

112 1330 176 1360 tor
193 1317 442 1359 contraheret
460 1316 615 1372 aliquid
620 1316 821 1368 sordium,
840 1315 885 1368 fi
896 1316 951 1356 ad
974 1318 1190 1373 contagium
1203 1318 1476 1374 jungerentur
1487 1334 1503 1364 ,·
1520 1320 1626 1373 ficut
1653 1321 1871 1360 occultatus

112 1385 234 1425 latuit
252 1382 319 1436 iste
338 1382 457 1423 codex
476 1381 669 1422 Herodoti
689 1384 729 1422 iu
751 1381 935 1423 Helicone
954 1382 1161 1430 Mediceo,
1189 1398 1262 1423 non
1292 1385 1385 1425 aliis
1412 1397 1640 1441 magnopere
1661 1386 1869 1432 laudatus,

113 1449 154 1491 (ej
171 1449 311 1503 quanti
340 1447 497 1487 deberet
511 1446 716 1503 judicari,
746 1448 849 1487 nulli
877 1448 1079 1502 cognitus,
1108 1446 1186 1499 nisi
1195 1449 1339 1503 forsan
1368 1450 1452 1497 illi,
1472 1460 1553 1505 per
1581 1451 1751 1506 quentin
1780 1449 1872 1503 istas

112 1527 203 1554 oras
219 1514 401 1553 invenus
409 1514 522 1566 fuit,
553 1513 594 1555 65
603 1511 803 1566 postquam
824 1512 880 1552 ad
895 1526 1017 1552 meam
1035 1512 1148 1565 fitim
1165 1514 1372 1568 pervenit.

166 1576 232 1618 ‘Ut
249 1578 350 1617 enim
369 1577 495 1618 dicam
521 1577 624 1632 quod
645 1591 713 1617 res
731 1577 782 1630 est
798 1610 815 1626 ,
845 1577 1099 1618 verticordiae
1128 1577 1327 1632 ciy'ustlam
1345 1579 1573 1633 faistitatis
1599 1579 1789 1634 industria
1808 1578 1873 1619 de-

112 1652 266 1686 morata
285 1643 374 1695 ficit
402 1643 442 1684 &
470 1642 640 1681 detinuit
663 1656 745 1688 me,
774 1651 820 1682 ut
847 1642 961 1696 quast
974 1642 1200 1696 gubernans
1228 1643 1407 1696 adigeret
1435 1644 1492 1683 ad
1515 1647 1677 1694 sacram
1706 1645 1872 1690 cellam,

113 1721 192 1764 qua
210 1704 411 1759 salutaris
436 1703 556 1757 hujus
585 1702 740 1757 depcfiti
756 1704 939 1759 stgnatus
956 1706 1123 1759 angulus
1151 1705 1339 1744 neminem
1367 1714 1460 1745 ante
1478 1707 1617 1760 potuit
1635 1706 1872 1753 advertere,

114 1772 208 1829 quin
237 1771 351 1809 velat
389 1782 458 1808 nec
495 1767 668 1822 inspectu
697 1768 853 1823 dignum
883 1769 924 1812 {⁶3
951 1768 1245 1809 denunciatione
1283 1769 1370 1808 boni
1397 1772 1640 1825 exemplaris
1676 1782 1874 1813 carentem

103 1835 372 1894 prateriret,
401 1845 516 1887 quum
535 1845 598 1886 ego
617 1832 682 1871 hic
709 1832 864 1885 defixus
882 1848 930 1873 ac
948 1834 1148 1874 volumina
1175 1837 1260 1874 alia
1277 1837 1468 1888 fi’ponens
1496 1837 1563 1877 uni
1593 1837 1658 1876 illi
1676 1836 1873 1878 Herodoto

114 1901 388 1956 agglutinatus
401 1897 555 1951 fuerim
572 1927 589 1944 ,
619 1897 680 1936 ita
705 1905 751 1936 ut
774 1906 962 1952 tanquam
979 1898 1130 1940 Hector
1146 1901 1196 1941 ab
1212 1899 1290 1941 Ilio
1308 1916 1380 1942 non
1408 1902 1593 1942 recedens
1622 1916 1758 1942 novem
1776 1903 1874 1942 Mii-

106 1968 182 2019 sc'zs
206 1964 429 2020 peregerim
457 1976 527 2002 non
547 1971 702 2002 tantum
722 1961 1079 2018 finepoenitentia,
1099 1965 1179 2018 fi’d
1196 1974 1241 2021 ut
1269 1966 1376 2007 modo
1404 1969 1614 2022 experiens
1642 1970 1731 2009 tolli
1758 1970 1875 2022 offen-

103 2031 277 2083 sionem,
307 2042 389 2084 quae
418 2042 476 2067 me
496 2037 615 2068 antea
639 2027 851 2082 aliquoties
878 2029 1146 2078 tardaverat,
1175 2032 1287 2071 immo
1305 2034 1506 2085 torfi’rat,
1536 2033 1641 2074 modo
1662 2036 1785 2086 nescio
1803 2050 1875 2091 quo

115 2095 228 2136 odore
261 2095 395 2135 tatius
422 2092 592 2133 melioris
623 2095 809 2148 unguenti
836 2097 1058 2135 exultarem
1087 2096 1324 2137 creberrime
1341 2126 1353 2145 ‚
1393 2097 1435 2141 [5
1463 2099 1640 2139 mirabili
1667 2101 1872 2154 voliqotate

106 2162 302 2215 sentirem
321 2157 534 2199 identidem
559 2173 619 2199 me
646 2161 840 2215 vegetari.
898 2161 1042 2216 Itaque
1061 2176 1107 2202 ne
1125 2176 1255 2202 morer
1272 2195 1290 2210 ,
1320 2162 1438 2217 hujus
1459 2163 1663 2218 dulciffimi
1692 2168 1876 2221 temporis

114 2229 257 2266 memor
278 2224 319 2267 &5
345 2239 417 2265 non
434 2233 569 2279 pauca
596 2228 840 2267 continenter
865 2227 955 2267 inde
975 2230 1181 2270 ruminans
1200 2262 1218 2277 ‚
1236 2230 1476 2286 fimulatque
1494 2232 1647 2286 potui,
1676 2232 1873 2273 Herodoto

114 2295 256 2346 rursus
274 2289 427 2343 fi’ceffi',
457 2290 499 2332 δῦ
518 2299 563 2331 ut
581 2291 637 2331 ad
651 2292 769 2344 Ifiitae
787 2302 935 2346 portus
955 2296 1037 2334 otia
1053 2295 1227 2337 divitias
1243 2309 1349 2336 meas
1368 2299 1522 2351 nostere
1540 2297 1777 2352 inciperem,
1808 2313 1873 2339 cu·

114 2359 212 2401 ravi
231 2355 366 2410 sedulo
385 2384 396 2403 ,
426 2355 468 2398 {5
500 2365 582 2396 tam
603 2358 790 2409 feliciter
809 2386 820 2405 ,
849 2364 894 2397 ut
916 2358 1052 2399 deinde
1079 2374 1152 2401 non
1180 2362 1371 2414 omiserim
1401 2363 1442 2402 in
1468 2364 1591 2403 oculis
1610 2391 1622 2411 ,
1651 2364 1692 2403 in
1719 2365 1872 2412 animo,

117 2425 159 2465 in
185 2422 365 2464 manibus
392 2421 535 2463 habere
560 2422 661 2463 hunc
676 2423 917 2464 Herodotum
935 2425 996 2465 ita
1024 2426 1275 2480 ἐξωνιιχω-μένον
1302 2441 1354 2467 ex
1380 2432 1663 2483 comparatione
1681 2430 1873 2474 Mediceae

105 2499 353 2545 pergamenae
370 2488 541 2541 prorfiis
559 2489 753 2529 auctorem
771 2488 932 2529 decoc‘Jae
942 2492 1190 2542 fiiavitatt's,
1218 2493 1260 2536 ἓξ
1277 2492 1520 2546 adferentem
1540 2497 1716 2535 continue
1743 2514 1872 2553 μυρμη-

116 2553 194 2595 κιοὲν
212 2553 363 2593 laetitiae
382 2566 433 2591 ex
449 2560 561 2592 certa
588 2566 722 2593 rerum
740 2553 971 2594 Graecarum
989 2555 1031 2598 ὅ
1050 2569 1187 2596 vocum
1212 2558 1356 2597 notitia
1373 2584 1387 2605 ,
1415 2572 1455 2598 eo
1473 2557 1743 2611 efficaciorem,
1772 2563 1876 2622 quod

104 2618 191 2676 post
206 2619 350 2672 paul0,
369 2630 408 2656 n.
429 2630 529 2657 auno
548 2632 781 2660 MDchx1x
800 2621 915 2668 venit
932 2634 1056 2660 novus
1076 2634 1126 2660 ex
1143 2621 1364 2663 Britannia
1372 2623 1671 2673 Herodotus,in
1690 2641 1762 2682 quo
1779 2629 1871 2682 dess-

115 2683 266 2724 derium
285 2680 525 2738 cognofiendi
543 2683 584 2726 {5
600 2684 779 2725 ardorem
796 2688 913 2739 ficum
953 2699 989 2726 ic
1017 2685 1217 2727 indicabat
1226 2687 1381 2728 Gudius
1391 2689 1577 2737 Graevio,
1604 2700 1650 2731 ut
1667 2701 1790 2747 patet
1818 2709 1869 2735 ex

106 2751 258 2807 pagina
282 2763 327 2798 31
359 2747 627 2803 epistolarum:
657 2752 830 2793 Narrant
859 2764 1040 2806 praeterea
1063 2753 1183 2808 Angli
1210 2766 1339 2796 extare
1357 2756 1471 2796 etiam
1491 2762 1531 2797 &
1560 2758 1706 2801 laudari
1724 2773 1867 2802 novam

115 2817 329 2857 editionem
349 2816 554 2857 Herodoti
579 2848 591 2859 .
623 2852 633 2860 .
663 2852 673 2860 .
702 2852 711 2860 .
740 2821 996 2861 Herodotum
1024 2821 1052 2861 fi
1082 2822 1233 2869 vidisti,
1259 2824 1462 2864 certiorem
1487 2825 1617 2879 quaeso
1643 2840 1706 2866 me
1733 2828 1867 2876 facias,

115 2883 217 2937 quid
238 2884 279 2924 in
301 2897 345 2924 ea
362 2882 535 2925 editione
554 2886 798 2939 praestiterint
821 2890 861 2928 ὃ(
887 2888 1030 2942 quibus
1051 2885 1237 2930 subsidiis.
1296 2888 1370 2932 Sed
1382 2890 1426 2932 de
1445 2904 1484 2932 eo
1506 2905 1617 2947 quum
1635 2891 1793 2950 deinceps
1809 2903 1867 2936 ta*—

116 2955 240 2988 ceatur
259 2975 273 3011 ‚
297 2961 361 2990 nec
384 2947 449 2990 vel
473 2949 652 2992 alteruter
670 2952 866 3009 quidquam
887 2953 1025 2995 dixerit
1043 2982 1057 3002 ‚
1082 2954 1172 2995 mihi
1189 2968 1326 3011 quoque
1351 2955 1458 2997 liceat
1477 2969 1557 2997 eam
1581 2957 1696 3000 dicere
1710 2961 1792 3013 jure
1798 2960 1870 3016 suo

118 3010 225 3055 talem
245 3012 333 3068 effe,
357 3014 474 3072 qualis
493 3015 542 3071 est
552 3045 567 3067 ,
592 3018 662 3071 nfi
676 3020 770 3076 quod
788 3020 920 3062 codices
941 3020 991 3062 ad
1007 3033 1086 3062 eam
1101 3021 1258 3064 adhibiti
1280 3025 1400 3065 variis
1419 3025 1458 3063 in
1477 3023 1640 3078 partibus
1655 3027 1874 3079 perniteant,

1802 3107 1868 3132 mr-
