2112 3621
272 247 353 291 ωε
545 242 643 282 DE
697 236 1023 282 CTESIA
1081 233 1687 292 DISQutsl‘rIo.

278 311 489 360 reperiantur
504 307 585 344 loci.
636 307 726 343 Sunt
742 319 826 343 vero
848 305 885 341 &
902 307 1051 342 maxime
1069 304 1305 342 memorabiles
1330 305 1365 338 in
1388 316 1430 339 eo
1457 303 1494 338 δε
1517 304 1660 339 minime
1677 313 1791 339 tamen
1806 301 1963 352 vulgares

282 360 444 397 historiae.
478 370 622 405 quarum
638 369 740 391 unam
757 381 769 400 ,
795 356 903 391 leetor
921 382 932 400 ‚
958 357 1087 391 Latino
1111 355 1263 390 sermone
1288 353 1544 400 interpretatam
1560 379 1572 399 ,
1598 352 1794 402 proferam:
1821 352 1964 399 διήγημα

282 419 374 444 certe
390 406 586 454 hujusmodi
601 405 695 454 quod
713 406 842 440 rhetori
860 405 1010 449 cuipiam
1025 410 1133 452 χρείας
1150 402 1392 453 pulcherrimae
1408 414 1649 451 argumentum
1663 428 1678 448 ‚
1702 403 1839 451 poe'tae,
1861 403 1964 450 joco-

283 459 319 493 so
342 452 481 506 quidem
506 456 698 490 facetorum
724 455 1011 503 epigrammatum
1030 469 1037 490 :
1064 454 1179 489 severo
1202 461 1316 487 autem
1332 476 1344 495 ‚
1371 450 1573 498 graviflimae
1596 451 1779 502 tragoediae
1805 449 1964 499 amplissi·

284 533 310 552 „
321 519 412 542 mam
429 504 642 553 suppeditare
658 503 758 552 poffit
775 504 963 539 materiam.
1014 504 1181 545 Mortuo,
1206 500 1338 548 inquit,
1367 499 1566 548 Megabyzo
1579 526 1592 545 ‚
1616 512 1706 536 uxor
1720 503 1792 548 ejus
1807 501 1964 548 Amytis,

287 554 498 601 „libidinolii
516 565 624 589 matre
640 554 710 588 filia
726 552 957 597 libidinosior,
984 553 1112 588 summe
1128 554 1281 587 virorum
1298 558 1370 583 erat
1387 557 1570 596 appetens,
1587 548 1721 584 &suam
1736 549 1886 597 undique
1902 561 1963 584 ex-

287 631 312 650 „
323 604 438 653 plebat
454 603 644 638 libidinem⁴
677 603 782 638 Forte
797 601 923 637 accidit
940 611 980 637 ut
996 610 1180 651 :egrotaret
1197 625 1208 644 ,
1233 610 1303 633 non
1320 599 1416 647 gravi
1433 597 1556 632 morbo
1573 596 1629 631 illa
1643 597 1780 644 quidem
1799 612 1807 633 :
1831 598 1886 633 sed
1903 598 1963 646 qui

288 664 438 699 „tamen
454 652 579 687 medici
596 651 798 688 desideraret
815 664 929 699 opem.
957 652 1042 686 Eam
1059 652 1166 700 igitur
1181 647 1323 684 invisens
1332 646 1557 695 Apollonides
1572 645 1724 681 medicus
1732 646 1965 694 Cous‚quum

289 729 316 748 ,,
330 702 531 751 jampridem
547 703 618 748 eius
639 701 720 735 esset
735 712 850 735 amore
867 711 1044 748 correptus
1061 725 1072 744 ‚
1096 698 1344 734 convalituram
1360 696 1451 730 illam
1476 698 1620 744 (utpote
1635 707 1712 743 quae
1731 694 1899 743 hysterica
1916 694 1966 729 es-

290 747 391 797 υΤεῑ)
419 752 443 787 fi
460 763 542 786 cum
557 746 632 786 {siro
648 749 934 798 congrederetur,
958 749 1150 784 affirmavit.
1176 747 1255 782 Hac
1271 755 1341 781 arte
1357 745 1399 780 fit
1415 746 1489 780 voti
1506 756 1649 793 compos
1658 744 1902 793 ApollonideS,
1928 743 1967 779 &1

290 811 435 846 „amata
450 801 582 848 potitur
599 798 774 848 Amytide.
801 799 935 834 Verum
950 798 1181 834 tabescentem
1197 807 1270 830 eam
1287 794 1450 843 paulatim
1467 806 1574 842 quum
1590 791 1793 839 cerneretfffft
1809 791 1968 842 congres-

286 849 360 896 „su
376 850 541 886 abstinere
557 849 678 897 coepit.
706 848 768 882 Illa
783 858 896 883 autem
914 847 1052 883 tandem
1069 858 1175 894 quum
1192 846 1291 879 matri
1308 844 1374 879 suae
1390 855 1461 878 rem
1478 852 1587 879 totam
1603 843 1904 891 aperuiffet‚eam‚
1920 853 1964 878 ne

290 925 316 944 „
326 900 414 934 hanc
431 910 532 947 quam
547 898 588 933 ab
597 897 808 945 Apollonide
823 907 1019 945 acceperat,
1045 896 1188 930 inultam
1208 894 1481 941 impunitamque
1496 892 1688 928 dimitteret
1702 893 1860 942 injuriam
1870 919 1882 938 ‚
1908 904 1966 928 ro—

292 974 318 993 2,
326 949 431 996 gavit.
467 948 603 992 Mater,
630 958 706 995 quae
722 946 913 990 audiverat,
939 946 980 981 ad
998 948 1210 982 Artaxerxen
1225 942 1336 978 defert
1355 955 1362 976 :
1390 952 1568 992 narratque
1585 951 1624 977 ut
1642 941 1822 991 congr-effu
1838 944 1909 987 eius
1927 953 1966 976 u-

292 998 377 1042 „sus
393 998 494 1041 effet,
519 1008 604 1041 nec,
629 994 689 1030 nifi
706 1007 744 1029 ea
761 995 909 1044 indignis
924 995 1015 1043 prius
1030 993 1147 1029 abusus
1163 992 1294 1037 modis,
1320 991 1381 1026 illo
1396 990 1613 1027 abstinuisset.
1638 992 1722 1027 Rex
1738 993 1839 1028 matri
1854 986 1898 1028 de
1913 991 1968 1028 his

292 1046 449 1096 „agendi
466 1056 505 1080 ut
521 1045 644 1090 vellet,
671 1044 873 1091 potestatem
890 1044 1073 1093 permittit.
1124 1042 1186 1077 Illa
1203 1042 1310 1089 igitur
1325 1039 1612 1088 comprehensum
1628 1039 1665 1075 &
1679 1041 1715 1075 in
1730 1041 1866 1076 vincula
1882 1054 1967 1077 con-

292 1120 318 1140 „
329 1095 453 1141 je&um
473 1094 716 1142 Apollonidem
732 1093 817 1128 duos
832 1093 957 1128 menses
974 1094 1009 1131 in
1024 1092 1204 1127 tormentis
1221 1092 1257 1126 δε
1274 1090 1480 1126 cruciatibus
1495 1089 1637 1134 habuit,
1663 1089 1802 1126 tandem
1817 1102 1902 1127 vero
1915 1089 1968 1128 vi-

294 1141 408 1188 „⁷vum
422 1144 523 1179 etiam
540 1143 683 1178 defodit.
711 1143 782 1177 Hic
795 1144 865 1190 jam
881 1143 966 1178 mihi
982 1141 1089 1176 ledor
1105 1139 1217 1188 (quod
1236 1141 1271 1175 in
1287 1139 1439 1188 legendis
1455 1139 1698 1175 historicorum
1713 1138 1847 1188 scriptis
1862 1139 1969 1190 longe

291 1195 330 1228 &
345 1192 619 1240 jucundisfimum
639 1192 675 1226 Sc
693 1191 903 1226 utiliflimum
920 1191 988 1231 est)
1016 1190 1190 1225 historiam
1205 1201 1285 1223 cum
1301 1189 1440 1223 historia
1455 1188 1593 1233 confer,
1619 1187 1787 1224 Persicam
1804 1190 1970 1225 nimirum

292 1255 373 1277 cum
382 1244 551 1277 Romana.
604 1241 750 1289 Amytin
765 1253 843 1275 cum
857 1241 1052 1283 Meflhhna,
1077 1240 1166 1288 regis
1182 1237 1353 1273 Pensatum
1370 1237 1476 1273 filiam
1491 1250 1570 1273 cum
1587 1238 1801 1285 imperatoris
1814 1239 1970 1274 Romani

294 1294 443 1341 conjuge
458 1291 544 1324 mihi
560 1302 737 1337 compara:
767 1290 802 1324 δί
817 1288 982 1325 muliebre
998 1287 1200 1335 utrobique,
1226 1286 1318 1335 quafi
1334 1288 1369 1322 in
1383 1286 1521 1335 speculo
1536 1286 1685 1334 quodam
1696 1312 1708 1331 ‚
1734 1288 1969 1336 contemplare

294 1352 482 1389 ingenium.

952 1407 1148 1417 —fi—--
1173 1384 1329 1418 Cbaudius
1344 1385 1425 1419 nudi

560 1438 636 1483 94⁹ae
655 1436 778 1468 tulerit.
806 1435 945 1468 dormire
963 1438 1076 1469 virum
1095 1446 1197 1480 quum
1205 1435 1344 1479 senserat
1361 1446 1464 1478 uxor,

557 1486 647 1528 Ausa
666 1485 813 1517 Palatino
827 1483 896 1517 Sec.

290 1536 363 1571 satis
382 1536 473 1570 enim
490 1532 554 1569 tibi
572 1543 673 1568 notos
689 1532 753 1567 effe
770 1541 856 1579 puto
872 1529 992 1567 versus.
1028 1528 1208 1580 Aptiffime
1222 1540 1336 1565 autem
1353 1555 1365 1573 ,
1391 1540 1471 1564 meo
1485 1530 1625 1578 quidem
1638 1533 1772 1580 judicio
1786 1559 1799 1577 ,
1823 1533 1892 1568 hoc
1909 1545 1969 1581 par

292 1585 474 1620 mulierum
492 1581 765 1630 copulaverimus
782 1594 789 1616 :
816 1590 855 1616 ut
872 1592 952 1628 quas
966 1580 1122 1628 personas
1137 1579 1173 1615 &
1192 1580 1296 1628 longa
1313 1589 1512 1626 temporum
1536 1579 1757 1629 intercapedo
1773 1581 1810 1616 δί
1824 1581 1971 1630 longum

292 1636 448 1669 locorum
466 1631 682 1667 intervallum
701 1630 736 1665 ἃ
754 1630 882 1678 linguae
899 1641 1022 1677 magna
1037 1629 1259 1678 discrepantia
1277 1627 1559 1673 dissociaverunt,
1575 1630 1708 1679 generis
1725 1629 1883 1665 nobilitas
1909 1630 1972 1677 (li-

292 1694 347 1718 cet
362 1684 396 1717 in
412 1683 515 1717 altera
532 1681 660 1727 maior)
688 1679 723 1714 ἃ
742 1691 879 1714 morum
895 1679 1032 1714 foeditas
1047 1691 1086 1714 ac
1102 1677 1283 1726 turpitudo
1300 1677 1443 1711 minime
1457 1676 1566 1712 nobi-li
1582 1679 1721 1714 vinculo
1738 1678 1836 1714 nobis
1850 1678 1973 1714 conso-

292 1735 384 1768 cient
398 1743 501 1780 atquc
518 1725 743 1778 conjungant.
778 1729 826 1763 Et
846 1727 888 1762 de
906 1728 1095 1764 Meffalinae
1111 1727 1249 1776 quidem
1266 1736 1306 1761 ut
1323 1725 1435 1761 audias
1450 1725 1591 1763 libidine
1608 1753 1620 1773 ‚
1646 1726 1710 1763 tibi
1726 1728 1830 1777 longe
1845 1728 1973 1764 abeun-

292 1782 375 1816 dum
391 1793 461 1817 non
477 1780 589 1814 fuerit.
626 1779 771 1826 Amytin
785 1787 902 1813 aut-em
917 1787 1145 1826 praeterquam
1161 1775 1289 1811 Ctefiae
1303 1799 1315 1819 9
1340 1776 1443 1810 etiam
1463 1775 1610 1813 Dinonis
1624 1777 1806 1826 graviffimi
1822 1778 1974 1813 authoris

292 1832 361 1865 hoc
377 1830 573 1865 infamatam
597 1829 707 1876 reperi
729 1827 845 1876 elogio
861 1852 873 1871 9
901 1827 1027 1872 A'ssuv‘kffi
1054 1830 1184 1865 καλλίςη
1203 1829 1229 1860 ἲ
1249 1829 1280 1860 ἂν
1301 1829 1339 1871 τῇ
1357 1829 1442 1868 Α’σίῳ
1458 1832 1614 1870 γιωοακῶν
1634 1826 1656 1863 (ἒ
1672 1826 1889 1868 dnonas-ofin.
1938 1827 1974 1862 id

292 1880 342 1914 cil:
362 1905 373 1924 ‚
401 1882 531 1926 Amytis
548 1879 689 1910 omnium
702 1877 777 1919 Asta
786 1877 994 1921 feminarum
1011 1886 1049 1910 ut
1057 1874 1298 1921 pulcherrima,
1323 1876 1371 1906 ita
1388 1873 1641 1921 libidinofifflma.
1685 1876 1875 1911 Historiam
1892 1887 1973 1912 cum

294 1929 432 1963 historia
455 1925 630 1962 contulisti
645 1951 657 1970 ‚
683 1925 792 1960 leetor
809 1939 816 1960 ε
845 1938 936 1960 nunc
962 1935 1076 1960 autem
1102 1925 1219 1973 poe'tae
1242 1922 1420 1971 quomodo
1446 1935 1526 1959 curn
1545 1925 1714 1960 historicis
1740 1924 1888 1961 conferri
1914 1925 1973 1960 de-¹

292 1976 393 2012 beant
409 2002 420 2021 ‚
446 1976 482 2011 &
497 1986 537 2011 ut
552 1984 634 2010 cum
649 1974 786 2009 illorum
813 1973 985 2009 sententiis
1011 1975 1136 2010 horum
1159 1972 1304 2022 pulchre
1329 1972 1523 2008 testimonia
1547 1974 1762 2019 consonent,
1787 1974 1972 2010 confidem.

292 2027 474 2061 Nimirum
501 2024 595 2073 quod
611 2023 629 2058 a
656 2025 760 2071 poeta
779 2023 986 2058 Latinorum
1004 2023 1162 2059 omnium
1186 2020 1451 2071 ingeniofiffimo
1470 2025 1736 2071 pronunciatum
1754 2023 1803 2058 est
1816 2048 1828 2067 ,
1851 2022 1970 2057 Litem

295 2087 453 2122 magnam
471 2073 648 2122 pudicitiae
665 2085 746 2107 cum
761 2072 871 2107 forma
887 2073 952 2107 effe
967 2098 979 2116 ,
1005 2084 1075 2108 non
1092 2073 1202 2106 minus
1218 2082 1297 2106 vere
1314 2082 1415 2117 quam
1441 2072 1615 2119 eleganter
1637 2072 1701 2107 effe
1717 2070 1846 2106 dietum
1863 2095 1876 2114 ,
1897 2071 1970 2118 jam

294 2133 391 2157 antea
405 2123 468 2158 tibi
479 2148 491 2166 ‚
509 2132 547 2156 ut
563 2122 687 2168 opinor
698 2146 710 2165 ‚
729 2120 943 2168 persuaseras:
973 2121 1027 2156 sed
1043 2122 1090 2156 ita
1105 2132 1223 2155 verum
1241 2128 1355 2153 tamen
1371 2119 1440 2153 hoc
1456 2121 1540 2164 effe,
1555 2129 1595 2156 ut
1611 2133 1682 2155 non
1697 2120 1733 2154 in
1748 2129 1865 2153 omnes
1881 2118 1970 2153 hanc

296 2171 414 2206 cadere
435 2171 656 2218 suspicionem
676 2170 867 2204 existimare
882 2168 1092 2205 deberemus.
1123 2168 1173 2203 At
1190 2179 1282 2202 nunc
1300 2167 1354 2200 hae
1372 2177 1406 2201 te
1422 2167 1550 2203 docent
1566 2168 1736 2212 historiae,
1761 2179 1832 2201 non
1850 2166 1971 2202 obscu-

297 2234 345 2255 ras
362 2230 497 2255 tantum
517 2244 529 2264 ‚
554 2230 624 2252 non
641 2219 786 2265 privatas
802 2227 937 2253 tantum
952 2218 1066 2253 affines
1088 2216 1171 2252 huic
1188 2215 1299 2263 culpae
1316 2215 1381 2249 effe
1399 2215 1552 2262 personas
1567 2241 1579 2260 ,
1603 2225 1725 2251 verum
1740 2216 1843 2250 etiam
1861 2216 1972 2265 impe-

299 2270 435 2304 ratrices
451 2294 463 2313 ,
487 2279 607 2303 eorum
622 2267 725 2300 etiam
741 2267 800 2313 qui
816 2279 912 2315 reges
933 2279 1054 2316 regum
1070 2262 1281 2303 vocabantur
1307 2267 1319 2309 (
1328 2263 1364 2298 δε
1380 2265 1503 2299 merito
1520 2264 1657 2312 quidem
1673 2264 1903 2307 vocabantur)
1930 2264 1973 2300 fi-

298 2319 365 2353 lias.
418 2317 484 2352 Sed
501 2329 563 2352 cur
577 2327 645 2364 ego
660 2325 730 2350 tam
746 2315 1002 2351 memorabilem
1018 2316 1168 2363 undique
1183 2315 1271 2349 hanc
1285 2312 1349 2347 tibi
1364 2312 1504 2348 reddere
1520 2325 1628 2349 conor
1642 2313 1893 2349 narrationem?
1918 2314 1970 2348 ni-

297 2369 424 2402 mirum
442 2366 534 2414 quod
552 2365 610 2400 illa
624 2364 679 2400 vel
696 2364 916 2399 certiffimum
925 2365 1050 2401 Ctesiae
1068 2364 1268 2407 φιλαληθείως
1284 2361 1402 2397 datura
1417 2361 1457 2397 fit
1473 2361 1718 2398 testimonium.
1743 2361 1861 2405 Quem
1879 2363 1971 2398 enim

299 2416 433 2451 miffliim
450 2428 506 2450 me
523 2415 633 2449 facere
650 2412 738 2449 velle
765 2413 996 2449 simulaveram
1012 2440 1024 2459 ,
1047 2425 1138 2449 nunc
1165 2411 1254 2460 quasi
1281 2423 1324 2445 ex
1341 2409 1464 2445 insidiis
1488 2422 1642 2460 repetere
1668 2412 1752 2447 libet
1768 2410 1970 2446 sermonem.

299 2466 428 2513 Ecquis
443 2465 628 2511 unicuique
644 2474 725 2510 erga
740 2462 830 2497 suam
848 2473 955 2497 artem
978 2462 1014 2498 &
1031 2475 1112 2512 erga
1136 2461 1283 2507 eiusdem
1307 2461 1383 2495 artis
1408 2458 1568 2496 societate
1589 2460 1728 2510 jun&os
1754 2460 1872 2508 (quod
1886 2458 1971 2506 ejus-

301 2518 379 2552 dem
395 2515 490 2550 velut
504 2513 586 2549 sacri
603 2510 667 2546 fint
683 2511 851 2553 cultores)
877 2512 1074 2548 naturaliter
1089 2506 1249 2560 quosdam
1264 2509 1385 2544 amoris
1398 2509 1539 2544 excitari
1558 2509 1663 2545 nescit
1678 2508 1871 2559 igniculos?
1898 2503 1969 2545 Ni-

302 2566 328 2602 fi
347 2561 589 2614 igiturCtestae
604 2561 713 2596 amica
727 2559 867 2608 quidem
883 2573 932 2596 ars
950 2560 1022 2606 sua,
1048 2562 1175 2596 amicus
1191 2571 1272 2594 vero
1290 2557 1529 2606 Apollonides,
1545 2558 1599 2594 sed
1615 2559 1723 2594 amica
1738 2560 1846 2618 mag-is
1863 2558 1970 2594 hist0÷

303 2616 366 2650 riae'
380 2614 503 2649 veritas
518 2611 650 2655 fuiffet,
662 2610 816 2645 haeccine
830 2622 910 2645 cum
927 2619 1023 2646 tanto
1042 2609 1213 2657 utriusque
1231 2607 1383 2642 narrasset
1398 2606 1588 2643 dedecore?
1613 2607 1663 2643 At
1680 2620 1748 2658 ego
1773 2609 1886 2655 (dicet
1901 2607 1971 2642 for·

304 2665 382 2699 taffe
390 2661 612 2702 Plutarchus)
640 2659 728 2694 istud
745 2659 871 2694 faetum
887 2659 991 2708 longe
1008 2660 1104 2695 aliter
1118 2660 1333 2706 inter-pretor.
1385 2655 1480 2690 Nam
1496 2666 1535 2692 ut
1558 2657 1714 2704 κεςρεμύῦς
1732 2665 1865 2704 mejam?
1879 2657 1973 2705 κοἼέφ2

305 2713 352 2748 fic
367 2712 469 2746 etiarn
485 2711 582 2757 ῖαιτςδς
600 2714 700 2756 ἰοπςῷ.
728 2709 809 2743 hinc
833 2708 889 2743 illa
914 2707 1114 2744 diffiunatio.
1165 2708 1260 2742 Itane
1284 2703 1420 2739 tandem
1447 2705 1522 2740 haec
1546 2708 1617 2755 ejus
1642 2705 1840 2741 diffamandi
1861 2703 1972 2740 studio

306 2769 556 2796 commemoret
571 2784 582 2803 ,
609 2770 711 2806 quem
727 2757 857 2805 aliquot
883 2758 917 2793 in
943 2758 1024 2793 locis
1050 2770 1118 2793 non
1147 2755 1255 2791 multo
1272 2765 1355 2788 vante
1381 2753 1498 2801 sponte
1513 2754 1730 2791 laudaverit?
1754 2750 1839 2799 Qto
1855 2762 1889 2788 te
1899 2755 1971 2801 jam

307 2807 630 2845 vertesPlutarche?
650 2806 766 2842 Video
784 2806 884 2842 video
902 2819 971 2855 quo
987 2807 1129 2842 evadere
1145 2805 1235 2840 velis.
1266 2801 1381 2837 Paflim
1399 2802 1439 2837 ab
1451 2803 1634 2839 Herodoto
1651 2803 1809 2838 diffentit.
1836 2802 1972 2837 Patrem

309 2858 496 2894 fabularum
512 2857 597 2891 mihi
613 2869 732 2891 narras.
758 2855 895 2891 tandem
912 2866 947 2891 te
962 2866 1023 2891 tuo
1039 2853 1221 2890 confodisti
1234 2851 1359 2901 gladio.
1387 2851 1567 2888 Nimirum
1583 2863 1682 2888 verax
1692 2850 1822 2886 Ctefias
1835 2851 1973 2886 menda-

309 2908 340 2942 ci
359 2906 543 2941 Herodoto
560 2910 738 2953 repugnat.
772 2905 869 2950 Quid
887 2915 925 2939 tu
942 2915 1054 2940 autem
1076 2904 1118 2939 ad
1134 2904 1209 2938 liaec
1225 2926 1238 2946 ,
1263 2899 1370 2935 testor
1386 2899 1398 2933 ?
1422 2913 1535 2937 nonne
1546 2904 1619 2950 jam
1634 2899 1697 2935 tibi
1713 2900 1821 2935 teneri
1840 2898 1971 2935 Plutar-

309 2956 394 2991 chus
410 2953 566 2988 videtur?
592 2955 673 2988 Hoc
690 2953 712 2987 li
731 2954 791 2988 tibi
811 2952 971 3000 persuasi,
995 2952 1121 2988 Ctefiae
1138 2952 1170 2987 τδ
1191 2949 1359 2993 mamea
1373 2948 1537 2986 admirare
1552 2959 1687 2984 mecum
1704 2949 1819 2997 potius
1832 2974 1845 2992 ‚
1871 2961 1972 2998 quam

310 3016 389 3041 cum
408 3002 592 3037 Plutarcho
609 3002 642 3035 τδ
659 3002 848 3042 φιλςῲόυδὲς
864 3001 1084 3049 reprehende.
1131 3003 1203 3036 Aut
1216 3025 1228 3044 ,
1254 2997 1279 3033 si
1293 2998 1357 3034 tibi
1372 2999 1463 3046 paria
1479 3000 1514 3035 in
1529 3007 1708 3046 utramque
1724 3007 1855 3046 partem
1871 2999 1974 3034 ratio-

311 3065 397 3090 num
409 3050 570 3086 videntur
584 3050 648 3097 effe
664 3060 857 3094 momenta,
884 3050 997 3085 saltem
1016 3061 1050 3085 te
1070 3059 1232 3085 neutrum
1247 3046 1357 3093 serva,
1382 3046 1419 3084 &
1435 3049 1487 3085 uti
1501 3047 1595 3093 dixi,
1619 3046 1661 3083 de
1676 3044 1803 3084 Ctefiae
1819 3047 1972 3094 Persicis,

312 3113 413 3152 penes
428 3099 557 3144 Persas,
585 3098 626 3133 de
647 3097 790 3142 I’ndicis,
814 3111 916 3147 penes
934 3098 1035 3136 Indos
1052 3099 1134 3136 fides
1149 3097 1232 3137 esto„
1257 3095 1356 3133 Vale,
1609 3108 1613 3114 ·
1972 3092 1974 3097 ’

1905 3146 1940 3180 D
1949 3145 1979 3180 Ε
