2182 3611
796 120 1506 206 PRAEF'A-TIO.

272 253 365 295 unde
388 249 474 306 quid
502 255 595 289 certe
617 247 802 289 delicatius
821 246 970 301 proponi
991 242 1135 299 agneffco
1163 239 1318 296 potuiffe.
1380 238 1477 279 Sane
1506 235 1618 289 etiam¹
1644 232 1693 280 (γ’
1716 234 1831 288 magis
1861 229 2021 287 cogitavi

274 318 365 357 mihi
383 315 432 355 ad
457 324 605 353 manum
630 312 698 367 effe
721 311 932 368 Pegasejum
953 309 1059 349 melos
1078 336 1091 355 ‚
1122 306 1171 352 ὅγ’
1190 306 1406 346 urbanitatis
1428 301 1643 345 Herodoteae
1663 302 1863 356 genuinum
1874 299 2022 353 semen,

273 378 366 436 quod
386 378 683 434 qualiumcunque
703 377 878 418 horarum
899 374 1024 415 acerba
1042 401 1055 420 ,
1083 373 1176 427 quod
1195 383 1312 410 omnes
1335 368 1451 411 tectas
1469 366 1678 423 auditasque
1702 370 1824 421 nugas
1837 363 1948 420 paffet
1967 361 2025 403 di-

273 448 368 487 luere
389 443 438 488 ἔγ
458 443 664 497 abstergere.
719 440 765 480 In
785 439 851 479 hoc
875 440 977 493 potui
999 440 1052 476 ita
1070 436 1160 477 mihi
1178 432 1291 475 dulcis
1310 431 1376 487 effi·
1396 461 1410 481 ,
1438 442 1483 473 ut
1502 443 1571 488 per
1592 443 1704 472 annos
1721 429 1965 486 quadraginta
1985 428 2024 466 in

274 524 311 550 eo
323 508 478 564 figerem
494 521 537 548 ac
557 505 707 547 locarem
725 504 841 545 multa
867 516 945 543 mea
963 503 1091 556 studia
1105 530 1116 549 ,
1147 501 1195 547 ἐγ
1214 502 1307 542 diem
1325 499 1437 553 hujus
1457 497 1638 540 Herodoti
1658 504 1871 550 repertorem
1886 491 2027 548 fitppli-

272 574 470 616 cationibus
498 569 779 612 commendarem
809 582 851 609 ac
881 579 1080 609 venerarer
1107 567 1309 618 domesticis.
1367 565 1473 617 Qia
1499 565 1594 603 enim
1614 562 1731 602 dicam
1759 560 1802 601 de
1831 558 1911 599 aliis
1930 557 2027 597 viris

275 638 387 680 doctis
400 667 412 685 ‚
439 640 502 692 qui
521 636 685 691 proximo
709 642 863 688 tempore
893 634 966 689 post
989 633 1177 674 editionem
1193 630 1439 685 Jungermani
1458 625 1723 669 deruncinando
1748 624 1888 679 aliquas
1901 630 2027 678 partes

275 701 453 746 Herodoti
467 700 718 756 sustinuerunt
737 697 937 739 attrectare
956 700 974 735 ?
1054 695 1116 735 uid
1134 697 1243 736 immo
1266 696 1374 735 etiam
1398 695 1440 736 de
1459 693 1529 734 illis
1547 721 1560 740 ,
1587 695 1649 748 qui
1666 693 1766 731 intra
1788 689 1853 730 hos
1877 703 1901 727 L
1921 696 2031 741 nupe-

275 783 333 812 ros
349 780 459 809 annos
478 764 578 807 illam
597 773 759 805 veterem
781 762 929 817 Musam
954 759 1107 816 expolire
1130 761 1248 800 conati
1266 758 1428 814 fuerunt
1449 764 1466 799 ?
1493 759 1588 800 Sane
1611 758 1775 798 certatim
1794 756 1912 794 omnia
1932 752 2031 794 bem·-

268 847 342 889 gne
355 862 367 881 ‚
379 832 450 888 sed
466 834 577 872 etiam
595 843 642 870 ex
659 828 788 885 putida
811 818 1042 881 affectatione
1064 828 1181 865 inanis
1210 837 1272 863 Σο
1285 835 1399 863 unz.
1453 824 1602 877 Qtippe
1619 821 1738 862 nullus
1758 833 1879 860 eorum
1901 819 1944 859 de
1967 830 2034 857 an-

276 898 457 953 tiquitatis
473 908 560 951 erga
573 893 800 935 Herodotum
822 894 959 947 pietate
975 890 1175 946 sollicitus,
1201 902 1264 929 nec
1289 885 1353 928 vel
1371 887 1499 944 pedem
1528 897 1672 926 movere
1695 883 1866 939 dignatus
1885 884 1934 924 ad
1952 895 2034 922 con-

267 960 458 1019 fidenciam
482 960 635 1016 priscam
659 958 904 999 membranam
926 985 937 1004 ,
965 955 1161 1011 quidquam
1186 953 1286 994 aliud
1315 966 1424 1008 quam
1454 954 1492 992 in
1521 952 1650 1006 exiguo
1676 949 1722 995 όν
1743 952 1876 989 incerto
1897 949 2010 989 haeret
2021 974 2036 993 ,

279 1030 317 1069 in
328 1028 397 1069 hac
411 1026 554 1082 illepida
573 1027 709 1066 ratione
722 1025 836 1077 magis
856 1021 1217 1077 despiciendus‚quod
1237 1033 1350 1074 quum
1367 1017 1499 1059 auxilii
1518 1014 1660 1072 prorsus
1681 1016 1870 1055 minimum
1891 1011 2037 1067 adferat

279 1092 423 1148 quisque
437 1122 448 1140 ‚
473 1104 596 1132 cernas
615 1089 877 1131 commentariis
898 1088 1054 1129 adnexos
1081 1085 1212 1127 indices
1234 1083 1461 1125 Herodotum
1473 1082 1648 1138 yluribiis
1670 1081 1892 1137 paginarum
1913 1090 2038 1119 nume-

281 1161 332 1198 ris
353 1156 526 1210 ostentare
538 1185 551 1203 ‚
579 1169 688 1210 quam
706 1168 908 1212 quenquam
928 1153 1096 1194 alterum.
1150 1152 1282 1192 Omnes
1294 1148 1372 1205 solo
1390 1147 1450 1191 illo
1463 1160 1595 1203 genere
1614 1146 1662 1192 όν
1670 1146 1862 1202 specimine
1880 1146 2039 1188 codicum

281 1231 453 1264 veterum
470 1251 483 1269 ,
509 1222 602 1262 unde
629 1221 749 1262 Henr.
771 1220 976 1276 Stephanus
999 1218 1116 1274 posuit
1146 1216 1309 1271 diverfits
1335 1213 1497 1257 lectiones
1517 1242 1531 1261 ,
1565 1212 1787 1268 magniloqui
1819 1212 1866 1258 <ly
1893 1220 2041 1252 eatenus

272 1287 382 1340 firmi
400 1298 504 1341 porro
521 1288 576 1326 ita
585 1285 630 1341 se
640 1294 781 1342 gerunt
792 1290 859 1333 ,'ut
880 1283 1052 1338 universa
1075 1296 1156 1338 quse
1172 1281 1371 1336 adferunt,
1399 1288 1512 1322 ruant
1521 1278 1649 1335 sponte
1669 1277 1719 1318 aa'
1740 1287 1863 1318 notam
1884 1277 2042 1319 Aledicei

283 1354 540 1407 promptuarii,
554 1365 633 1407 quae
644 1352 744 1392 docet
758 1349 833 1391 illos
849 1363 914 1406 per
923 1348 1110 1404 stimmam
1121 1348 1309 1388 levitatem
1325 1346 1459 1400 agendo
1468 1343 1549 1400 plus
1559 1341 1759 1397 vitiaviſje.
1793 1344 1896 1396 Qud
1903 1343 1945 1384 cle
1956 1341 2043 1388 illis,

287 1420 350 1474 qui
367 1421 406 1458 in
427 1416 544 1458 Vallae
568 1418 859 1471 interpretatione
882 1414 1021 1469 aliquid
1046 1425 1188 1469 carpere
1216 1411 1263 1457 ἐν
1283 1413 1455 1465 corrigere
1475 1408 1663 1465 jusserunt
1686 1438 1696 1456 ‚
1722 1421 1808 1463 quos
1834 1417 1953 1448 tamen
1977 1418 2044 1462 pa..

286 1482 384 1523 tebat
399 1495 586 1537 nunquam
611 1481 676 1522 vel
693 1480 879 1537 inspexisse
908 1480 1069 1520 Lexicon
1096 1479 1204 1520 Porti
1222 1483 1239 1517 ?
1266 1477 1372 1517 Nam
1396 1474 1445 1521 ὠ·
1462 1472 1638 1530 paulatim
1662 1473 1738 1513 haec
1761 1473 1782 1512 ἃ
1807 1487 1862 1513 me
1884 1474 2046 1528 adstrue-

287 1547 424 1588 bantur
443 1576 455 1595 ‚
483 1560 553 1587 non
570 1554 717 1587 tantum
737 1554 900 1587 cernente
917 1574 928 1593 ‚
958 1544 1046 1600 quid
1064 1541 1146 1597 effet
1165 1552 1270 1598 penes
1289 1554 1344 1581 me
1363 1569 1376 1588 ‚
1391 1537 1461 1594 sed
1476 1547 1614 1594 quanta
1639 1537 1791 1593 ipsorum
1812 1538 1982 1592 distantia
2000 1538 2046 1579 ab

288 1611 475 1653 Herodoto
496 1632 510 1658 ;
537 1619 790 1665 occurrentque
816 1611 946 1650 horum
971 1610 1215 1662 experimenta
1239 1634 1252 1653 ‚
1269 1605 1337 1659 fid
1361 1603 1469 1658 plura
1486 1603 1629 1658 futura
1653 1630 1667 1648 ,
1695 1602 1763 1656 nisi
1779 1603 1947 1657 adsuetus
1968 1616 2049 1643 mea

286 1675 455 1731 pleraque
480 1671 656 1714 chartulis
680 1671 731 1716 ό·
755 1672 893 1723 concists
910 1673 1046 1725 fristis
1074 1669 1212 1710 credere
1233 1696 1245 1715 ‚
1259 1668 1355 1721 saepe
1381 1676 1557 1720 quererers
1571 1678 1613 1704 ea
1643 1665 1762 1719 disjici
1784 1692 1796 1711 ,
1823 1675 1931 1720 prout
1954 1680 2050 1708 nunc
2098 1716 2102 1717 ⁷

291 1737 406 1779 multa
429 1736 633 1778 Herodotea
663 1749 794 1790 queror
817 1733 966 1791 periiffe.
1020 1732 1131 1785 ‘Quod
1150 1740 1292 1774 mutare
1320 1733 1361 1770 in
1384 1730 1449 1771 hoc
1472 1729 1625 1784 nequivi
1648 1756 1662 1775 ,
1690 1729 1740 1769 ad
1760 1729 1924 1771 editionis
1948 1731 2052 1772 decus

286 1801 441 1861 pretiosa
447 1799 546 1855 satis
568 1799 698 1840 collata
719 1801 786 1855 effe
807 1800 898 1840 mihi
911 1800 1115 1854 imaginans
1133 1824 1145 1844 ‚
1173 1798 1228 1836 ita
1248 1803 1370 1836 tamen
1389 1802 1432 1834 ut
1449 1793 1658 1835 Herodotea
1681 1792 1819 1849 reliqua
1845 1797 1976 1838 abhinc
1993 1809 2056 1838 ca<

294 1870 392 1910 riora
406 1864 599 1907 habiturus
602 1862 702 1916 sim,
718 1864 963 1919 servemque,
979 1862 1022 1917 st
1038 1862 1126 1916 quid
1148 1861 1232 1901 hinc
1254 1860 1335 1900 inde
1355 1869 1522 1914 recepero.
2051 1842 2055 1848 ¹

352 1933 414 1974 Sic
428 1932 528 1987 potui
546 1932 586 1971 in
606 1929 663 1970 his
678 1929 836 1984 jucunde
856 1929 905 1975 ὠ·
923 1940 1059 1968 amaene
1071 1938 1198 1982 gerere
1221 1924 1374 1966 multam
1394 1931 1548 1965 aetatem.
1591 1921 1722 1964 Etiam
1739 1925 1923 1979 potuissem
1943 1931 2058 1970 totius]

296 2009 401 2054 porro
419 1999 514 2037 vitae
532 1994 750 2039 domicilium
774 1996 813 2034 in
839 1993 967 2047 eisdem
992 1992 1198 2048 reperiviffe
1224 2019 1236 2038 ,
1262 1990 1331 2044 nist
1350 1988 1398 2035 ὠ·
1413 1997 1549 2044 gratus
1567 1991 1606 2029 in
1630 1991 1713 2030 bene
1738 1994 1865 2031 merito
1885 1992 1951 2046 effe
1976 1994 2060 2035 vel.

299 2061 391 2108 lem,
411 2062 460 2108 ὁ
480 2060 668 2115 fortunam
692 2059 870 2115 publicam
891 2062 929 2100 in
956 2057 1090 2113 confilio
1109 2057 1240 2098 habens
1263 2058 1371 2097 etiam
1391 2054 1436 2096 ab
1462 2053 1543 2110 ipfis
1564 2057 1669 2094 annis
1689 2069 1830 2111 cogerer
1849 2057 2058 2112 poſjeffionis

301 2127 410 2182 hujus
419 2125 590 2180 societate
614 2123 762 2166 delinire
790 2136 908 2164 omnes
930 2152 942 2170 ,
968 2126 1032 2178 qui
1053 2122 1102 2163 ad
1128 2122 1296 2178 rempubl.
1321 2121 1523 2163 literariam
1545 2122 1739 2175 pertinent.
1797 2123 1870 2161 Cui
1889 2123 2058 2177 proposito

303 2200 347 2232 ut
367 2191 524 2232 dicarem
542 2189 690 2245 aliquod
710 2203 805 2230 nunc
821 2187 990 2243 studium
1008 2190 1146 2228 ratione
1172 2190 1304 2244 optima
1325 2215 1337 2234 ,
1365 2200 1436 2227 non
1454 2188 1556 2240 potui
1578 2183 1685 2224 aliter
1704 2200 1812 2241 quain
1834 2189 1953 2228 omnia
1976 2203 2060 2244 quae

301 2253 476 2311 producta
493 2262 598 2295 erant
616 2253 664 2299 ὁ
683 2252 781 2294 edita
797 2252 943 2308 fiirdia'e
967 2280 979 2299 ‚
1008 2266 1120 2307 quum
1144 2252 1290 2302 flefz‘ere
1316 2254 1354 2290 in
1381 2250 1506 2291 melius
1531 2251 1714 2303 nequirem
1731 2279 1744 2298 ,
1769 2248 1912 2292 delendo
1934 2251 1982 2297 ό·
1999 2255 2062 2308 ju.

307 2318 417 2360 hendo
435 2320 489 2359 ire
508 2318 603 2359 unde
623 2326 805 2358 venerant
829 2346 840 2364 ,
868 2327 1030 2372 reponere
1050 2315 1214 2368 fideliter
1240 2330 1280 2356 ea
1301 2343 1313 2362 ,
1342 2328 1420 2370 quae
1443 2313 1538 2355 clare
1566 2314 1731 2354 docerent
1765 2327 1890 2355 earum
1910 2318 2064 2372 ineptia.

308 2396 392 2424 rum
413 2380 697 2438 azetiores,falsi
708 2381 839 2437 gaudii
868 2381 1015 2435 usuram
1037 2395 1107 2421 non
1130 2382 1377 2436 usquequaque
1389 2390 1610 2435 permanere.
1663 2379 1792 2419 Potuit
1817 2378 2004 2434 discrimen
2024 2396 2066 2423 a.

309 2448 429 2502 liquod
439 2446 532 2501 fieri
553 2474 566 2494 ‚
595 2455 637 2487 ut
652 2445 796 2503 semper
819 2448 859 2487 in
879 2455 958 2487 tam
983 2445 1107 2486 multis
1126 2460 1141 2490 ;
1158 2445 1227 2500 sed
1250 2459 1291 2486 ea
1318 2458 1400 2500 qua·
1421 2443 1635 2499 probitatem
1649 2442 1760 2498 fitam
1771 2442 1958 2501 fidemque
1978 2446 2063 2489 bono

312 2513 468 2568 exemplo
484 2512 691 2554 indicabant
709 2541 723 2561 ,
752 2514 850 2553 tanti
874 2520 978 2553 erant
992 2541 1005 2559 ,
1031 2519 1073 2551 ut
1093 2514 1276 2566 potuerint
1300 2513 1408 2552 etiam
1433 2509 1577 2552 trahere
1607 2522 1647 2550 ea
1669 2538 1682 2557 ,
1707 2510 1749 2551 de
1774 2511 1899 2565 quibus
1924 2524 2065 2569 cuperes

312 2579 516 2631 deliberare.
569 2576 673 2619 Hinc
697 2591 742 2619 ne
772 2576 860 2633 quid
873 2576 1098 2633 surriperem
1118 2604 1131 2623 ,
1164 2576 1322 2631 vulgata
1347 2573 1408 2615 illa
1442 2574 1491 2620 dy·
1509 2574 1748 2629 pulcherrimi
1772 2575 1863 2616 alias
1888 2577 2068 2620 Herodoti

315 2652 469 2685 mentem
487 2655 705 2698 manumque
727 2642 776 2689 dy
791 2642 937 2698 sensum
959 2642 1146 2683 turbantia
1163 2670 1176 2689 ,
1204 2641 1252 2686 ἄρ’
1263 2641 1353 2696 sane
1372 2643 1450 2697 ejus
1454 2640 1642 2695 foeditatis
1665 2669 1679 2688 ,
1706 2649 1750 2682 ut
1769 2651 1994 2684 mererentur
2013 2644 2069 2686 ul-

315 2711 428 2750 terius
445 2720 508 2749 nec
529 2706 605 2748 luce
616 2706 705 2761 frui
723 2738 733 2752 ‚
763 2721 825 2749 nec
849 2707 919 2749 loco
942 2735 954 2754 ,
983 2720 1086 2762 quem
1107 2706 1226 2748 oculus
1241 2705 1388 2762 legentis
1407 2713 1530 2746 notare
1545 2704 1654 2761 poffit
1673 2735 1685 2754 ,
1713 2708 1842 2747 minori
1861 2708 2070 2752 charactere

318 2775 449 2829 conjeci
473 2775 512 2813 in
534 2774 645 2812 imam
676 2784 778 2814 oram
795 2802 806 2820 ,
842 2786 953 2828 quum
981 2780 1170 2824 contextus
1198 2771 1330 2824 offerat
1365 2771 1591 2812 Herodotum
1624 2773 1938 2826 redintegratum,
1965 2778 2070 2831 cujus

319 2841 429 2881 etiam
444 2840 587 2894 egregia
609 2841 703 2880 notis
721 2838 824 2879 volui
843 2838 1056 2879 illuminare.
1086 2838 1147 2879 Sic
1161 2839 1296 2893 putavi
1302 2888 1307 2891 q
1311 2836 1492 2890 justiffime
1506 2836 1555 2882 ee),
1562 2835 1773 2893 fimpliciter
1789 2837 1947 2892 agendo,
1959 2853 2070 2894 quum

323 2902 415 2947 nihil
431 2906 599 2959 cuiquam
618 2905 1015 2960 aufhratur,exedram
1030 2903 1206 2945 Herodoti
1224 2905 1262 2943 in
1274 2903 1411 2957 studiis
1428 2904 1554 2958 nostris
1571 2903 1661 2944 evul
1674 2916 1696 2942 a
1716 2912 1894 2958 quantum
1902 2902 1993 2955 fieri
2011 2910 2076 2962 ρος

325 2971 399 3011 tuit
407 2971 678 3026 importunitate
689 2970 857 3013 validam
865 2969 961 3027 fore.
994 2972 1087 3023 Qae
1101 2971 1240 3009 utinam
1254 2979 1358 3024 porro
1376 2968 1612 3023 maestam&
1624 2977 1704 3009 tum
1720 2970 1920 3023 primorum
1930 2969 2078 3024 saeculo-

1993 3047 2078 3076 rum
