2112 3621
271 244 348 287 712
540 227 648 269 EX
722 224 1042 283 JOACH.
1111 224 1675 269 CAMERARII

259 301 391 347 rarique
407 307 562 333 autorem
581 299 673 333 hunc
689 296 813 332 debere
830 304 1017 344 putem,ut
1035 295 1135 330 etiam
1149 321 1160 339 ,
1171 307 1277 342 quum
1297 294 1332 328 &
1347 293 1514 342 aptissime
1528 294 1598 330 illas
1613 294 1806 339 inseruerit,
1820 293 1856 329 &
1873 294 1946 331 bel-

263 347 381 382 lillime
399 348 634 391 concinnarit,
661 346 697 381 &
716 344 942 382 venustissime
958 343 1210 392 composuerit,
1236 343 1466 379 admirandus:
1494 356 1668 393 quumque
1688 344 1946 380 insti-tie'tionem

263 398 297 431 in
317 396 454 445 singulis
476 397 621 444 aliquam
646 396 729 431 vitae
745 417 757 439 ,
785 393 1004 429 consiliorum
1022 419 1034 438 ,
1058 393 1232 428 athomum
1257 392 1558 439 comprehenderit
1576 420 1587 438 ,
1613 395 1774 428 eximiam
1801 396 1946 442 gratiam

265 457 402 493 quoque
418 445 460 481 ab
476 446 634 480 omnibus
651 446 790 480 meritus
805 444 869 479 ess'e
886 443 1050 478 videatur.
1091 442 1189 485 Quid
1215 441 1307 489 quod
1334 441 1439 476 fidem
1466 441 1556 477 suam
1580 445 1615 478 in
1644 443 1694 478 his
1717 443 1787 478 fere
1803 444 1945 487 liberat,

265 505 432 543 cavetque
450 495 567 543 nequis
587 494 774 543 simplicior
789 493 1001 541 decipiatur,
1027 504 1132 540 quum
1152 491 1245 526 addit
1274 489 1404 538 semper
1427 491 1619 536 hujusmodi
1635 491 1817 540 quiddam,
1844 497 1881 527 Ut
1892 494 1948 536 fe-

265 554 362 583 runt,
390 547 428 578 Ut
446 557 498 591 ego
517 544 656 587 audivi,
680 543 777 590 Quod
795 546 866 576 veri
892 541 972 575 mihi
989 542 1119 586 quidem
1134 542 1231 577 fimile
1246 552 1302 573 non
1312 539 1365 584 fit.
1416 539 1457 574 In
1490 539 1643 588 Euterpe
1666 553 1747 576 vero
1780 547 1829 588 (c.
1856 541 1946 588 131.)

266 592 365 642 plane
380 593 512 638 ,refutat
530 593 620 628 illam
640 592 787 628 fabulam
805 592 846 626 de
863 590 1009 638 praecisis
1025 590 1221 625 ancillarum
1239 588 1412 633 manibus,
1439 590 1513 621 Haec
1536 592 1716 636 garrientes
1745 592 1793 623 im
1813 603 1949 624 narrare

266 641 349 674 mzln'
365 643 496 687 quidem
516 643 680 676 videntur.
725 642 815 677 Item
833 640 1058 688 Melpomene
1075 643 1126 685 (c.
1157 639 1252 686 173.)
1269 638 1416 673 fabulam
1433 637 1475 672 de
1491 636 1606 685 Psyllis
1621 640 1817 686 praemunit.
1857 653 1896 674 ea
1914 651 1949 674 e-·

267 692 338 725 nim
352 704 428 738 qua:
442 691 516 726 Afri
533 691 734 739 perhibeant
751 690 781 725 se
799 701 987 724 memorare
1002 690 1060 723 ait.
1087 687 1185 730 Quid
1203 698 1316 723 autem
1334 687 1419 722 dicit
1436 688 1470 721 in
1480 688 1659 734 Polymnia
1674 701 1722 734 (c.
1744 700 1753 721 1
1768 693 1833 733 52)
1855 688 1949 736 quod

268 740 456 775 meminiffc
471 742 506 776 in
532 750 605 775 tota
623 741 761 775 historia
778 739 852 774 vult
870 737 1032 773 le&orem
1049 737 1062 772 ?
1089 740 1149 784 Ego
1164 737 1276 784 inquit
1292 762 1304 780 ‚
1330 750 1393 782 quae
1401 737 1506 781 fando
1524 740 1654 784 cognovi
1668 762 1680 780 ‚
1705 750 1855 783 exponere
1873 750 1950 770 nar-

269 793 393 823 ratione
412 803 482 823 mea
500 789 594 823 debeo
615 793 737 823 omnia.-
764 789 892 821 credere
910 799 1018 820 autem
1037 787 1092 831 effi
1109 798 1189 819 vem
1205 788 1309 818 omnia
1323 809 1334 829 ‚
1361 798 1417 818 non
1435 785 1539 819 debeo.
1582 786 1622 820 In
1647 786 1851 833 conjefturis
1875 787 1951 835 qui-

268 838 348 874 dem
363 838 557 887 sequendiS,
584 851 689 886 quum
707 838 748 873 de
765 835 1003 885 apparentibus
1019 839 1079 879 (ut
1094 833 1162 882 ipse
1181 835 1227 869 ait
1247 838 1401 879 Euterpe,
1413 847 1440 868 c.
1461 835 1536 881 33.)
1553 834 1694 870 obscura
1709 831 1872 885 'colligere
1882 836 1953 871 stu·

271 888 366 925 deret
383 914 395 933 ‚
423 887 446 923 fi
465 887 561 923 salsus
576 888 624 922 est
656 889 712 922 cui
727 886 868 922 obsecro
885 885 1040 920 omnium
1058 885 1126 919 hoc
1143 895 1213 918 non
1229 882 1354 918 accidit
1369 882 1382 916 ?
1408 883 1537 931 Neque
1553 885 1609 932 qui
1628 885 1693 919 tale
1709 885 1846 933 aliquod
1861 897 1950 921 erra—

273 947 349 971 tum
365 939 399 972 in
415 936 546 985 scriptis
563 947 718 971 veterum
734 934 994 977 animadvertit,
1007 932 1067 968 sibi
1083 932 1161 967 ideo
1180 932 1313 981 placere
1332 931 1472 966 &illum
1481 943 1702 968 contemnere
1719 933 1832 969 debet.
1858 934 1952 982 quod

271 985 342 1020 fere
357 986 595 1021 ineruditiores
621 986 674 1020 isli
691 985 800 1020 facere
827 982 1030 1018 consuevere
1046 1007 1058 1026 ,
1084 982 1143 1029 qui
1165 981 1321 1016 exultant
1343 980 1384 1015 ad
1400 981 1462 1015 hos
1479 982 1697 1017 notationum
1713 982 1750 1017 &
1766 984 1951 1031 reprehen-

270 1034 403 1070 sionum
423 1035 584 1070 successus
602 1059 613 1078 ,
638 1047 708 1069 non
731 1033 822 1068 secus
845 1031 912 1067 acsi
931 1030 1123 1066 thesaurum
1140 1029 1339 1065 invenifl'ent
1360 1043 1367 1065 ε
1395 1041 1500 1077 quum
1519 1029 1577 1064 hic
1592 1043 1670 1066 vere
1687 1041 1761 1066 tum
1780 1032 1952 1068 thesaurus

276 1083 479 1130 (secundum
498 1094 596 1118 vetus
614 1083 778 1125 verbum)
794 1084 828 1117 in
844 1080 1008 1116 carbones
1028 1079 1156 1115 evadat.
1193 1079 1258 1114 Sed
1276 1078 1414 1126 paulum
1432 1079 1533 1113 etiam
1552 1078 1593 1113 ad
1611 1079 1737 1114 fabulas
1754 1081 1824 1116 illas
1839 1088 1953 1117 rever-

276 1144 405 1168 tamur:
433 1145 530 1180 quae,
558 1132 717 1176 obsecro,
744 1144 806 1166 cur
823 1129 1004 1165 ostendunt
1021 1130 1173 1164 animum
1190 1129 1385 1176 cujusquam
1400 1153 1411 1171 ,
1438 1140 1544 1175 quum
1559 1130 1693 1163 veritati
1711 1130 1744 1165 ὃ(
1762 1131 1954 1179 integritati

277 1182 428 1217 historiae
447 1183 587 1216 minime
605 1181 759 1216 officiant
776 1179 788 1214 ?
815 1179 881 1215 Sed
898 1189 938 1213 ut
963 1177 1094 1213 insertae
1119 1177 1209 1226 apud
1225 1177 1470 1225 Thucydidem
1496 1178 1680 1213 conciones
1698 1203 1709 1222 ‚
1737 1184 1837 1227 (quas
1859 1190 1954 1216 certe

278 1243 401 1276 nemo,
427 1241 466 1266 ut
482 1232 627 1278 opinor,
653 1242 723 1264 non
738 1228 920 1271 confictas,
948 1239 1057 1274 neque
1073 1239 1144 1261 non
1160 1226 1298 1274 quidem
1318 1226 1443 1269 nullas,
1468 1224 1522 1260 sed
1540 1238 1609 1261 non
1626 1228 1706 1262 tales
1722 1228 1763 1263 ab
1779 1229 1817 1263 iis
1832 1229 1955 1277 quibus

281 1281 515 1316 attribuuntur
532 1279 662 1314 habitas
678 1280 742 1314 6116
757 1277 873 1319 videt)
892 1277 958 1312 illae
975 1287 1090 1311 tamen
1106 1286 1143 1311 ut
1159 1277 1194 1310 in
1211 1276 1378 1324 gravitate
1395 1275 1494 1323 hujus
1509 1277 1655 1320 autoris,
1680 1277 1956 1324 admirationem,

281 1329 327 1365 ita
342 1331 378 1364 in
393 1329 573 1364 dulcedine
589 1329 692 1363 nostri
703 1351 714 1372 ,
741 1327 872 1362 sabellae
889 1326 1102 1374 voluptatem
1119 1325 1256 1360 habent.
1283 1324 1332 1359 At
1349 1323 1569 1373 egressiones,
1580 1325 1612 1359 8:
1628 1326 1713 1360 nihil
1729 1325 1770 1360 ad
1789 1338 1860 1361 rem
1879 1341 1955 1375 per-

279 1380 464 1414 tinentium
482 1377 573 1426 quasi
588 1377 832 1412 inculcationes
847 1401 859 1420 ,
884 1375 925 1410 ab
949 1375 1088 1409 historia
1109 1374 1226 1409 alienae
1248 1372 1333 1408 sunt.
1378 1374 1435 1409 De
1453 1385 1522 1421 quo
1539 1373 1698 1422 equidem
1715 1375 1812 1410 aliter
1827 1375 1956 1422 lentio,

279 1440 388 1476 neque
406 1428 442 1462 in
458 1428 526 1462 1100
543 1451 553 1469 ,
581 1437 690 1473 neque
707 1425 777 1459 ullo
793 1426 828 1459 in
846 1435 971 1472 genere
987 1424 1215 1458 eruditionem
1231 1448 1242 1467 ,
1269 1422 1531 1471 intelligentiam
1550 1450 1561 1468 ‚
1587 1422 1776 1458 docfftrinam
1802 1425 1893 1472 quasi
1919 1428 1955 1462 in

280 1477 460 1525 angustum
477 1474 690 1522 cogendam,
714 1484 752 1508 ut
767 1486 837 1508 non
853 1474 954 1508 liceat
969 1473 1104 1520 evagari
1120 1472 1154 1506 8<
1171 1483 1371 1514 excurrere,
1398 1470 1422 1504 fi
1438 1471 1560 1516 libeat,
1586 1473 1732 1520 longius.
1768 1473 1883 1509 Immo
1900 1476 1955 1510 vel

278 1523 365 1560 solus
381 1525 439 1559 hic
456 1523 583 1559 frucfftus
601 1523 648 1557 est
665 1522 794 1571 ingenii
820 1522 855 1556 ὅτ.
879 1520 1052 1556 industriae
1068 1519 1257 1554 studiorum
1272 1544 1284 1563 ‚
1312 1528 1350 1553 ut
1366 1519 1473 1553 veluti
1490 1519 1717 1555 ostentatione
1736 1522 1957 1572 jael-anxiaque

278 1572 326 1608 sui
343 1573 489 1622 gloriam
506 1571 708 1619 laudemque
725 1580 830 1619 petat.
864 1569 1008 1605 Auferat
1037 1570 1073 1604 in
1088 1569 1140 1603 his
1155 1568 1241 1603 mihi
1255 1568 1373 1615 aliquis
1390 1567 1450 1601 ista
1469 1581 1476 1602 :
1503 1567 1738 1616 incorruptam
1754 1594 1766 1613 ,
1792 1569 1958 1617 sanciam,

279 1623 422 1668 castam,
449 1631 488 1657 ut
503 1622 672 1670 virginem
683 1646 694 1665 ,
718 1620 842 1655 debere
859 1619 924 1654 effe
942 1618 1127 1653 historiam.
1163 1618 1253 1652 Non
1271 1625 1500 1664 corrumpunt
1515 1617 1605 1651 enim
1616 1643 1627 1662 ‚
1653 1629 1723 1652 non
1737 1618 1866 1654 violant
1881 1621 1959 1656 haec

281 1672 372 1707 illam
392 1686 399 1707 ε
425 1671 480 1706 sed
496 1680 663 1707 exornant
678 1695 690 1714 ‚
714 1679 753 1705 ut
779 1681 898 1705 aurum
916 1667 952 1702 ὃ(
967 1679 1116 1716 gemmae
1134 1665 1422 1716 pudiciffimarum
1439 1678 1576 1715 quoque
1592 1679 1737 1715 corpora
1751 1692 1763 1712 ,
1789 1668 1961 1716 purissima

282 1721 337 1756 illa
354 1721 504 1769 quidem.
546 1720 644 1756 Nam
668 1729 706 1754 ut
723 1719 822 1754 malae
846 1718 882 1753 ὃς
898 1718 1076 1767 profligati
1099 1716 1239 1765 pudoris
1262 1715 1399 1751 feminae
1414 1715 1636 1765 infigniorem
1651 1716 1798 1752 reddunt
1815 1728 1963 1766 comptu

284 1770 533 1819 turpitudinem
556 1769 646 1805 suam
666 1782 673 1804 :
700 1769 747 1804 ita
762 1794 774 1813 ‚
800 1769 954 1817 quamvis
978 1767 1068 1802 varia
1097 1764 1300 1814 copiosaque
1325 1764 1366 1800 fit
1390 1765 1481 1812 quasi
1505 1765 1717 1801 emblematis
1741 1765 1960 1814 quibusdam,

285 1819 414 1855 summa
430 1819 580 1855 historiae
596 1817 673 1854 falsa
684 1817 719 1852 ὅ(
737 1818 996 1861 commentitia,
1023 1817 1147 1851 merito
1163 1816 1197 1849 in
1213 1814 1267 1850 sua
1284 1814 1359 1849 haec
1374 1813 1512 1849 infamia
1527 1814 1617 1862 quasi
1633 1814 1773 1863 superba
1788 1816 1962 1864 improbe-

285 1878 350 1904 tur.
378 1870 497 1917 Itaque
513 1880 584 1903 non
600 1868 788 1902 inornatam
799 1879 890 1911 ,non
904 1866 1129 1910 nudam,non
1138 1862 1430 1907 cont1·a5tam,sed
1440 1862 1646 1911 splendidam
1656 1884 1667 1909 5
1677 1865 1963 1914 vestitam,expli-

285 1928 395 1953 catam
406 1922 418 1964 (
428 1917 618 1953 dummodo
633 1917 803 1966 integram
814 1942 826 1961 ,
836 1916 885 1961 &9
893 1925 931 1951 ut
946 1916 994 1951 ita
1003 1914 1129 1958 dicam,
1137 1913 1279 1961 probam
1290 1912 1325 1948 &
1334 1913 1582 1960 incorruptam)
1594 1913 1693 1949 decet
1702 1914 1766 1949 esse
1774 1915 1961 1949 historiam.

287 1967 396 2014 Cujus
411 1967 515 2002 fidem
531 1978 671 2001 omnem
686 1977 800 2000 nonne
821 1966 858 2000 in
879 1975 1077 2014 temporum
1101 1962 1309 1998 indicatione
1323 1987 1335 2006 ‚
1361 1963 1396 1996 in
1413 1962 1593 1998 nominum
1610 1964 1962 2008 commemoratione,

287 2017 323 2050 in
338 2029 451 2051 rerum
468 2027 536 2051 tam
554 2015 645 2051 bello
662 2027 763 2063 quam
781 2027 864 2063 pace
886 2014 906 2049 a
922 2013 1109 2062 quibusque
1122 2010 1348 2059 susceptarum
1366 2020 1467 2059 atque
1485 2011 1655 2059 gestarum
1674 2022 1766 2047 certa
1780 2013 1963 2047 enarratio-

287 2077 330 2100 ne
346 2090 358 2109 ,
384 2066 419 2100 in
436 2065 654 2100 occasionum
679 2064 967 2111 consiliorumque
984 2061 1145 2111 prudenti
1168 2059 1404 2108 persecutione
1424 2071 1541 2095 omnes
1556 2060 1700 2108 positam
1718 2061 1781 2095 ess‘e
1794 2060 1964 2095 sentiunt?

288 2115 381 2160 Qiae
398 2114 549 2150 universa
563 2114 715 2148 nostrum
733 2124 887 2149 autorem
910 2112 1068 2147 existimo
1085 2111 1120 2145 ἃ
1136 2109 1314 2144 custodisse
1329 2108 1512 2157 diligenter
1526 2130 1538 2153 ,
1565 2109 1602 2143 &
1616 2109 1803 2157 praestitiffe
1820 2110 1961 2156 praecla-

289 2175 335 2197 re.
363 2164 456 2207 Quae
473 2164 564 2197 enim
580 2172 736 2210 tempora
751 2163 915 2198 indicavit
931 2160 1032 2205 falso,
1059 2171 1179 2208 quaeve
1194 2157 1351 2193 confudit
1369 2158 1381 2192 ?
1407 2159 1571 2203 Quorum
1591 2159 1772 2193 hominum
1789 2157 1964 2194 locorum-

288 2224 330 2247 ve
347 2213 486 2246 nomina
508 2210 620 2258 posuit
641 2223 817 2259 perperam
838 2211 850 2245 ?
875 2213 948 2247 Res
971 2219 1085 2245 autem
1107 2208 1148 2243 ab
1174 2209 1213 2242 iis
1238 2206 1345 2255 gestas
1375 2218 1460 2254 quos
1476 2207 1677 2254 complexus
1695 2206 1759 2241 fuit
1773 2208 1966 2242 narratione

289 2261 342 2296 sua
353 2287 364 2305 ‚
390 2270 548 2295 accurate
564 2259 634 2294 illas
649 2260 786 2307 quidem
804 2261 951 2296 retulisse
969 2271 1038 2293 non
1055 2257 1238 2293 dubitarim
1255 2256 1433 2290 asseverare
1452 2269 1459 2290 :
1487 2265 1583 2290 certo
1599 2266 1713 2290 autern
1732 2256 1765 2291 ὃ(
1782 2268 1860 2290 vere
1878 2269 1964 2304 quo-

289 2323 377 2358 que,
403 2309 548 2344 libenter
563 2308 722 2356 equidem
738 2308 939 2344 crediderim
957 2334 970 2353 ,
996 2319 1186 2357 quanquam
1212 2305 1254 2340 ab
1271 2303 1436 2352 aliquibus
1449 2303 1587 2339 assensio
1602 2304 1859 2351 quodammodo
1875 2304 1966 2340 refu-

290 2360 375 2408 giat.
408 2359 450 2394 In
466 2357 612 2393 consiliis
628 2357 784 2406 profesto
800 2357 836 2392 &
852 2356 1086 2392 occasionibus
1107 2353 1314 2392 recensendis
1336 2355 1395 2401 qui
1413 2352 1752 2401 circumspeffioneni
1769 2354 1802 2389 ὃ(
1819 2354 1967 2402 pruden-

293 2409 376 2444 tiam
393 2408 534 2455 requirit
551 2408 716 2455 majorem
734 2432 747 2451 ‚
772 2407 916 2442 nimium
941 2407 966 2441 is
982 2405 1120 2454 quidem
1142 2404 1206 2439 esse
1222 2402 1405 2438 fastidiosus
1429 2403 1513 2438 mihi
1529 2402 1674 2438 videtur.
1717 2402 1773 2437 Ad
1791 2403 1866 2437 hzec
1884 2429 1895 2447 ‚
1923 2402 1967 2447 fi,

296 2468 336 2493 ut
352 2458 387 2492 in
405 2456 519 2492 tabula
534 2457 650 2504 magni
666 2456 701 2491 &
719 2454 947 2491 memorabilis
963 2454 1176 2502 argumenti,
1201 2450 1357 2501 adjunEta
1371 2450 1445 2487 sunt
1460 2451 1567 2487 veluti
1583 2453 1748 2499 πάρεργον,
1767 2452 1888 2498 quibus
1903 2464 1968 2487 un-

299 2507 402 2554 dique
424 2506 479 2540 illa
504 2504 645 2554 insignis
668 2505 705 2540 80
727 2505 908 2553 conspicua
930 2504 1116 2548 reddatur,
1142 2503 1238 2551 cujus
1262 2500 1373 2549 quaeso
1395 2500 1449 2535 vel
1471 2501 1610 2536 rationis
1631 2501 1684 2535 vel
1699 2501 1870 2548 sapientiae
1887 2526 1899 2545 ,
1925 2513 1969 2536 ne

299 2556 409 2590 dicam
435 2554 671 2603 incogitantia:
687 2554 724 2590 &
740 2554 914 2599 stultitiae,
940 2552 1042 2588 fuerit
1058 2551 1304 2600 reprehendere
1318 2549 1331 2585 ?
1355 2550 1475 2594 Qum
1490 2559 1603 2585 autem
1622 2550 1759 2585 historia
1776 2562 1846 2584 non
1861 2548 1969 2584 solum

299 2603 562 2640 delcetationem
578 2604 789 2652 cognitionis
804 2629 816 2647 ,
841 2603 894 2638 sed
911 2601 1169 2638 insti-unionem
1185 2601 1287 2636 etiam
1303 2599 1494 2634 animorum
1513 2600 1692 2634 continere
1708 2598 1848 2642 debeat,
1874 2607 1912 2633 ut
1931 2598 1969 2633 δε

301 2653 518 2700 voluptatem
530 2653 758 2688 &utilitatem
775 2652 894 2688 afferat
909 2651 1120 2700 legentibus:
1149 2649 1173 2686 si
1189 2650 1240 2685 his
1255 2647 1331 2697 ipsis
1349 2659 1424 2695 quae
1443 2658 1481 2682 ut
1498 2647 1644 2683 fabulosa
1658 2657 1837 2690 notantur,
1863 2647 1968 2681 etiam

303 2704 436 2737 monita
453 2701 550 2737 utilia
564 2712 665 2750 atque
683 2701 834 2737 salutaria
850 2701 958 2736 multa
975 2700 1087 2735 insunt
1101 2726 1113 2745 ‚
1142 2699 1215 2747 quis
1226 2700 1297 2746 jam
1313 2708 1370 2731 eos
1386 2709 1456 2731 non
1472 2697 1577 2732 modo
1595 2697 1653 2745 qui
1669 2697 1863 2744 vituperent
1879 2719 1891 2738 ,
1914 2694 1969 2729 sed

305 2752 363 2797 qui
378 2751 538 2794 laudent,
564 2752 712 2799 iniquius
736 2750 823 2786 ferre
839 2750 981 2785 omnino
997 2748 1120 2798 poflit?
1145 2748 1226 2784 Fuit
1241 2745 1430 2781 Candaules
1455 2758 1514 2780 rex
1532 2746 1730 2793 Lydorum:
1759 2745 1903 2789 (Clio‚c.
1917 2744 1970 2785 7.)

304 2811 406 2833 nemo
423 2825 435 2843 ‚
461 2809 500 2835 ut
516 2801 641 2848 opinor
654 2826 666 2845 ,
692 2812 816 2848 negare
832 2799 944 2834 audet.
997 2800 1080 2834 Hoc
1098 2807 1253 2845 tempore
1278 2795 1314 2829 in
1328 2794 1426 2829 aliam
1445 2793 1607 2830 familiam
1623 2793 1817 2830 transsatum
1835 2791 1902 2826 fuit
1918 2804 1970 2826 re-

306 2860 415 2896 gnum
425 2849 557 2896 Lydiae.
583 2862 626 2884 an
645 2848 818 2897 quisquam
834 2847 914 2884 falso
931 2848 1000 2883 hoc
1016 2847 1191 2896 proditum
1206 2843 1311 2879 dicit?
1336 2842 1410 2877 Cur
1437 2844 1542 2892 igitur
1558 2844 1614 2878 illa
1631 2845 1694 2890 jam
1711 2840 1850 2888 culpant
1866 2840 1908 2874 de
1924 2839 1970 2875 sa-

308 2896 416 2931 tellite
431 2896 552 2931 coaeto
568 2897 715 2946 aspicere
731 2897 856 2933 nudam
874 2897 1050 2943 reginam?
1076 2897 1168 2940 Quae
1184 2893 1228 2937 si,
1253 2891 1346 2939 quod
1363 2892 1451 2926 haud
1475 2891 1543 2927 scio
1558 2905 1600 2927 an
1613 2903 1683 2926 non
1709 2888 1773 2923 sint
1788 2914 1799 2933 ,
1825 2887 1974 2925 confiCta

308 2945 431 2988 essent,
445 2945 563 2991 quanti
580 2947 695 2981 multis
713 2946 755 2981 de
772 2945 885 2981 caussis
904 2945 977 2980 fieri
995 2942 1227 2979 mererentur?
1244 2942 1376 2976 Nonne
1394 2940 1484 2975 illam
1503 2939 1751 2989 perversionem
1768 2938 1973 2981 animorum,

309 3005 386 3042 quae
402 2993 448 3027 ita
465 2992 684 3038 mirabiliter,
706 3005 746 3030 ut
762 2994 923 3029 divinitus
940 2993 1029 3028 effici
1048 2993 1223 3035 videatur,
1247 2991 1334 3038 saepe
1349 2990 1547 3037 urgentibus
1573 2987 1727 3022 fatalibus
1752 2985 1881 3021 casibus
1903 2987 1974 3021 ani—

308 3041 814 3085 madvertitur‚demonstr-ant?
840 3041 957 3086 Qlam
973 3040 1276 3089 speciosis&bonis
1291 3039 1461 3073 sententiis
1478 3036 1610 3073 illustris
1627 3035 1674 3070 est
1690 3035 1857 3069 narratio?
1877 3035 1974 3070 [dem

308 3092 344 3127 ἃ
359 3092 395 3126 111
409 3089 479 3126 aliis
496 3090 610 3126 multis
627 3100 779 3138 poteram
799 3115 810 3133 ,
839 3089 906 3126 sine
924 3091 995 3126 ullo
1010 3089 1243 3138 exquisitionis
1258 3087 1372 3123 labore
1386 3111 1397 3129 2.
1421 3085 1606 3122 ostendere.
1634 3084 1832 3132 Expugnari
1853 3093 1977 3131 praeter

1819 3144 1975 3168 omnium
