2112 3621
278 247 361 293 7¹4
600 226 1623 288 EXJoAC'tLCAMERARII

276 317 346 352 que
359 302 468 338 veihis
482 302 676 337 durioribus
689 327 701 345 ,
728 302 763 336 in
779 301 879 349 copia
894 300 1093 335 molliorum
1108 299 1340 334 8ε1εῑιιιοηιιιι.
1389 300 1529 334 Deinde
1546 324 1558 344 ,
1585 298 1608 334 fi
1624 307 1721 334 extra
1742 298 1894 335 historiae
1913 297 1962 334 se*

279 356 366 390 riem
389 352 533 400 alicujus
552 352 637 386 vitia
651 377 663 395 ,
690 352 745 386 vel
765 350 789 386 fi
813 352 848 386 in
867 349 932 385 hac
953 350 1065 386 laudes
1084 349 1234 397 jejunius
1250 360 1581 384 commemorentur.
1632 349 1802 385 Praeterea
1817 375 1828 393 ‚
1855 361 1964 397 quum

282 403 434 450 plurium
454 401 544 436 forte
558 400 728 436 sermones
747 400 936 435 referantur
948 424 960 444 ,
985 399 1130 434 assentiri
1151 397 1388 432 deterioribus.
1420 400 1564 433 omnino
1577 399 1669 433 enirn
1683 398 1898 444 coniefiffiras
1913 398 1962 433 se-

281 452 339 497 qui
356 452 395 486 ad
417 452 534 499 pejora
550 477 562 495 ,
588 450 652 487 effe
667 449 825 485 malitiosi
841 446 1009 484 &infensi
1025 449 1142 484 animi.
1192 447 1370 482 Postremo
1384 473 1396 491 ,
1422 447 1528 483 laudis
1546 447 1738 493 adieCHone
1750 442 1857 483 'veluti
1878 461 1964 483 con-

280 502 353 536 dire
368 501 670 548 vituperationem.
698 498 763 534 esse
776 500 868 534 enim
884 496 1109 546 simplicitatis
1123 499 1210 532 hanc
1231 496 1482 531 simulationem
1499 493 1683 544 peffiinam.
1717 495 1816 542 Qiid
1831 498 1873 532 ad
1887 498 1966 533 haec

281 561 367 598 ergo
380 549 554 585 dicemus?
581 548 739 597 profeffm
755 561 824 583 non
838 549 965 596 reperit
982 548 1016 582 in
1026 548 1213 582 Herodoto
1229 546 1289 581 ista
1305 546 1525 589 Plutarchus,
1550 545 1604 580 sed
1618 547 1733 582 animo
1747 545 1806 581 suo
1819 549 1966 594 conqui-

284 599 346 635 sita
360 600 396 634 in
409 599 506 634 illum
523 599 653 634 intulit.
703 598 823 642 Quare
838 599 931 633 enim
948 596 1042 632 usum
1062 597 1241 631 nominum
1260 595 1513 641 verborumque
1531 608 1564 630 in
1579 595 1648 630 hoc
1661 607 1780 632 autore
1796 608 1867 631 non
1883 608 1965 644 pro-

283 648 343 687 bat
358 648 372 683 ?
398 650 455 697 qui
473 648 612 697 quidem
640 653 699 693 (u't
714 647 896 689 existimo)
923 645 997 681 usus
1016 645 1065 681 est
1079 645 1201 680 diserta
1218 645 1254 680 ἃ
1271 655 1427 680 accurata
1447 645 1601 680 oratione
1617 647 1728 680 aetatis
1739 644 1807 679 suae
1824 669 1835 688 ,
1862 658 1965 693 quam

285 699 304 736 a
318 698 513 746 posterioris
526 698 639 733 saeculi
654 697 765 732 forma
777 695 916 732 differre
931 706 992 730 nos
1004 706 1141 742 quoque
1161 694 1353 742 intelligere
1367 693 1551 741 possumus.
1600 693 1700 739 Qid
1713 704 1826 729 autem
1846 694 1966 729 caussae

285 748 391 783 fuerit
404 760 466 784 cur
483 760 552 783 non
576 749 690 796 potius
707 747 763 781 illa
777 758 857 781 vere
874 745 909 781 ὃς
926 744 1127 792 simpliciter
1141 762 1152 788 ᾗ,
1179 751 1280 790 quarn
1299 743 1511 778 mendaciter
1530 743 1566 777 ὃς
1588 743 1703 779 invide
1715 768 1727 788 ,
1754 742 1824 778 dici
1844 742 1966 779 sentia-

286 797 382 832 mus?
410 797 602 846 Egregium
619 796 668 832 est
681 795 775 844 quod
793 794 1022 843 conquerenti
1040 791 1222 828 Lasthenis
1237 791 1398 837 factioni,
1413 796 1581 840 (quorum
1597 792 1721 829 scelere
1739 791 1876 841 prodita
1891 791 1966 827 fue-

286 856 338 882 rat
354 846 550 895 Olynthus)
578 845 827 883 contumeliose
843 844 862 879 Ξι
879 842 1131 880 Macedonibus
1145 841 1174 876 se
1188 841 1333 876 nefarios
1347 842 1539 888 proditores
1554 843 1737 891 appellari,
1763 841 1967 889 respondisse

286 896 490 944 Philippum
508 908 624 944 regem
640 896 836 942 accepimus
849 918 862 938 ‚
889 891 1092 926 Macedonas
1108 892 1163 936 effe
1182 890 1342 923 indueram
1361 893 1518 925 nationem
1537 905 1576 925 ac
1592 893 1758 926 incivilem
1777 918 1785 932 ‚
1807 892 1967 937 fiilereque

281 946 385 990 ficum
407 947 568 979 nominare
582 946 701 986 ficum,
730 947 768 981 ὅς’
786 945 920 991 ligonem
938 944 1081 989 ligonem.
1109 939 1208 984 Qid
1224 949 1339 974 autem
1357 939 1504 976 offendit
1526 941 1710 986 (obsecro)
1726 940 1967 985 Plutarchum,

287 995 380 1042 quod
398 994 600 1029 Herodotus
616 995 764 1042 protulit
779 993 923 1043 asperius
937 990 1094 1038 quaedam
1109 1010 1121 1035 5
1148 1002 1187 1024 ac
1202 1001 1273 1023 non
1288 988 1437 1024 mollivit
1457 988 1766 1037 appellationibus?
1793 989 1916 1025 Visum
1931 1003 1968 1025 e-

288 1045 359 1078 nim
376 1043 506 1079 scilicet
527 1044 574 1079 illi
598 1043 664 1078 fuit
684 1044 716 1078 id
737 1044 851 1078 dicere
867 1041 960 1087 quod
974 1040 1066 1075 esset.
1102 1040 1198 1075 Nam
1214 1038 1256 1073 de
1271 1036 1479 1086 'conjecturis
1496 1039 1670 1085 sequendis
1690 1039 1801 1085 deque
1815 1038 1913 1073 laude
1930 1040 1968 1075 &

290 1093 545 1141 vituperatione
560 1093 710 1128 universa
725 1093 794 1128 hoc
816 1090 933 1127 licebit
950 1102 1056 1124 unum
1077 1090 1201 1124 iteruin
1219 1096 1319 1135 atque
1342 1089 1465 1122 iterum
1483 1087 1685 1135 respondere
1703 1102 1710 1123 :
1737 1088 1780 1123 de
1795 1088 1854 1122 suo
1869 1089 1968 1124 illum

285 1142 421 1190 judicio
440 1142 615 1177 historiam
633 1142 820 1190 susceptam
837 1138 1047 1187 exposuisse:
1075 1150 1187 1185 neque
1206 1136 1296 1171 ιεᾶε
1316 1135 1428 1172 facere
1442 1150 1521 1172 eum
1539 1139 1597 1186 qui
1619 1138 1749 1185 ingenii
1768 1136 1817 1172 sui
1830 1138 1917 1172 vires
1931 1140 1969 1174 in

289 1191 402 1227 alieno
416 1203 521 1238 opere
535 1192 708 1239 explicare
721 1191 804 1226 velit
818 1216 830 1234 ,
856 1187 1044 1237 praesertim
1065 1188 1108 1223 ad
1122 1186 1296 1232 infamiam
1313 1188 1450 1221 autoris.
1478 1186 1558 1235 Ego
1571 1213 1582 1231 ‚
1607 1197 1648 1222 ut
1665 1187 1815 1234 quicque
1831 1187 1968 1232 retulit,

291 1240 337 1275 fic
351 1240 498 1286 sensisse,
524 1241 661 1276 audiisse
678 1266 689 1284 ,
717 1239 919 1287 comperiss'e
933 1238 1106 1272 existimo.
1157 1235 1204 1270 Et
1218 1247 1280 1269 cur
1295 1235 1414 1270 nonin
1428 1236 1492 1270 hac
1508 1238 1622 1284 potius
1636 1235 1846 1284 persuasione
1861 1236 1970 1284 perse-

289 1303 405 1325 verem
422 1298 524 1337 quam
545 1289 636 1324 illam
658 1289 817 1324 inducam
839 1287 1089 1323 malevolentiae
1104 1311 1115 1330 7
1141 1283 1368 1332 perversitatis
1380 1309 1392 1328 ,
1417 1282 1638 1320 virulentiae?
1665 1284 1760 1330 Qia
1776 1286 1868 1320 enim
1885 1298 1971 1321 con-

292 1340 434 1375 tumelia
449 1338 556 1374 afficit
570 1338 684 1374 divina
701 1338 736 1373 &
755 1339 904 1373 humana
917 1361 928 1380 ‚
953 1335 1042 1371 sacra
1056 1335 1091 1369 ὅῑ
1107 1333 1258 1381 profana.
1309 1333 1345 1367 Si
1361 1346 1440 1368 vera
1458 1333 1532 1370 sunt
1546 1359 1558 1378 ‚
1584 1347 1662 1382 quse
1674 1333 1724 1368 est
1737 1335 1971 1374 contumelia?

292 1393 306 1432 (
315 1387 405 1423 redte
419 1389 510 1423 enim
524 1388 582 1422 ille
596 1389 629 1422 in
646 1387 821 1422 comoedia
838 1395 941 1434 negat
960 1385 991 1420 se
1006 1383 1230 1426 maledicere,
1257 1395 1384 1429 quum,
1411 1395 1487 1430 quae
1501 1396 1580 1419 vera
1594 1383 1678 1428 sint.)
1703 1382 1817 1424 dicat)
1845 1382 1894 1418 sin
1908 1383 1971 1419 fal-

290 1438 339 1482 sa,
366 1437 563 1471 ostendatur
578 1435 710 1470 falsitas.
761 1435 827 1470 Sed
840 1433 1018 1482 quomodo
1034 1431 1204 1467 ostendit?
1230 1432 1428 1466 ratiunculis
1443 1433 1642 1479 quibusdam
1656 1433 1691 1468 δε
1704 1431 1971 1468 conclusiuncu-

289 1488 330 1522 lis
343 1485 524 1521 levissimis.
574 1483 684 1529 Qlod
701 1483 794 1532 quasi
810 1483 880 1531 ipse
893 1482 1048 1525 sentiret5
1075 1493 1117 1514 ne
1132 1480 1200 1514 hoc
1216 1479 1355 1527 quidem
1374 1492 1474 1527 agere
1487 1482 1517 1516 se
1536 1483 1583 1516 ait
1599 1507 1611 1526 ‚
1637 1493 1676 1517 ut
1692 1480 1887 1526 mendacii,
1914 1481 1970 1518 sed

290 1546 330 1571 ut
344 1534 568 1582 malignitatis
590 1545 686 1568 reum
701 1540 841 1581 peragat
859 1529 1097 1566 Herodotum.
1133 1526 1236 1563 Hanc
1259 1528 1367 1575 igitur
1381 1529 1603 1564 defendamus
1616 1555 1629 1574 ‚
1656 1530 1680 1565 fi
1696 1530 1880 1577 possumus.
1913 1532 1970 1567 Ac

289 1582 542 1620 laudationibus
555 1582 619 1617 illis
635 1582 775 1617 minutis
791 1581 828 1616 &
844 1579 1004 1616 tenuibus
1031 1583 1091 1624 (ut
1107 1577 1181 1613 vult
1199 1576 1400 1618 Plutarch.)
1425 1588 1513 1624 quot
1528 1578 1665 1625 possunt
1680 1579 1813 1626 opponi
1829 1579 1973 1625 praecla-

291 1647 347 1678 re,
375 1632 410 1666 &
424 1632 526 1680 pleno
541 1643 600 1667 ore
627 1637 685 1676 (ut
698 1629 847 1672 dicitur)
874 1627 1089 1664 enunciatae?
1115 1626 1229 1671 Qiale
1243 1625 1335 1661 enim
1350 1625 1441 1661 hoc?
1467 1630 1607 1671 (Erato,
1626 1640 1654 1662 c.
1676 1630 1778 1668 ιη.)
1813 1628 1972 1662 Omnium

292 1696 367 1730 quos
384 1682 507 1727 scimus
522 1680 686 1714 hominum
699 1682 800 1726 primi
821 1678 1033 1724 Athenienses
1055 1678 1148 1722 cursu
1165 1678 1253 1710 illati
1270 1677 1303 1709 in
1319 1674 1410 1719 hostes
1419 1676 1495 1721 fimt
1511 1689 1519 1711 :
1547 1679 1688 1710 omnium
1700 1677 1803 1723 primi
1812 1675 1973 1721 fitstinue-

293 1745 329 1766 re
345 1730 479 1773 vestitus
488 1729 621 1764 ‘Medici
638 1731 676 1767 (ῥ’
696 1729 752 1763 hoc
769 1739 953 1763 ornatorum
972 1727 1148 1775 afpecflum:
1174 1725 1219 1759 ad
1236 1723 1319 1758 illud
1336 1735 1447 1759 autem
1472 1727 1568 1772 nfiyue
1587 1737 1708 1772 tempus
1722 1737 1832 1759 nomen
1848 1738 1972 1772 quoque

295 1780 474 1816 Medorum
494 1778 638 1813 terribile
649 1779 776 1824 fuerat.
827 1777 1011 1812 Addantur
1029 1777 1081 1811 his
1097 1787 1174 1823 quae
1193 1774 1236 1809 de
1257 1774 1450 1822 Cynaegiro
1470 1774 1601 1823 scripsit
1622 1774 1728 1821 (Ibid.
1744 1788 1771 1809 c.
1784 1775 1882 1821 114.)
1917 1776 1972 1811 Ac

295 1831 414 1880 nequis
429 1827 653 1865 Athenienses
674 1838 810 1864 tantum
831 1826 985 1862 laudatos
1005 1825 1187 1874 benignius
1205 1823 1323 1860 credat
1338 1848 1350 1868 ,
1377 1825 1435 1868 (in
1455 1836 1525 1872 quo
1544 1824 1658 1860 nescio
1682 1836 1786 1872 quam
1810 1824 1975 1873 suspicio-

294 1890 373 1916 nem
391 1888 565 1927 corruptae
581 1877 821 1926 largitionibus
832 1876 1021 1912 voluntatis
1035 1883 1155 1910 movet
1171 1873 1376 1908 Plutarchus
1390 1893 1401 1918 5
1427 1883 1557 1909 temere
1571 1874 1710 1922 quidem
1726 1899 1738 1919 ,
1764 1884 1803 1910 ut
1818 1874 1976 1919 videtur,

295 1942 405 1978 neque
419 1928 487 1977 ipse
500 1929 685 1976 quicquam
699 1927 877 1974 explanat)
904 1924 988 1975 quid
1004 1924 1017 1960 ?
1043 1921 1190 1973 parcene
1203 1922 1490 1958 Lacedaemonios
1506 1923 1656 1959 laudavit
1669 1923 1722 1959 his
1734 1923 1867 1959 verbis?
1894 1926 1974 1970 (Po-

297 1980 392 2027 lymn.
410 1991 437 2012 c.
452 1977 547 2025 104.)
575 1981 656 2010 Sunt
676 1975 910 2009 Lacedaemonii
926 1976 958 2008 in
976 1971 1207 2008 certaminibus
1213 1971 1431 2019 singularibus
1446 1972 1537 2006 haud
1554 1974 1629 2006 ullis
1645 1974 1719 2006 aliis
1733 1974 1917 2018 inferiores:
1939 1975 1974 2006 in

297 2030 367 2061 acie
385 2040 459 2062 vero
474 2029 615 2061 omnium
633 2026 819 2059 mortalium
834 2023 1083 2071 praestantzffimi.
1132 2021 1256 2068 Qud?
1282 2021 1408 2056 horum
1428 2023 1519 2058 cives
1535 2022 1732 2069 Sperthiam
1748 2023 1784 2057 &
1798 2022 1899 2056 Bulin
1913 2034 1974 2068 pa-

296 2089 420 2112 rumne
440 2075 686 2124 praedicatione
709 2074 766 2109 sua
787 2073 946 2110 ornavit?
972 2075 1130 2121 (Polymn.
1150 2084 1177 2105 c.
1194 2083 1273 2117 134.
1292 2072 1329 2106 ὠ·
1339 2070 1386 2115 fi)
1419 2070 1487 2106 Sed
1510 2071 1587 2106 haec
1610 2069 1868 2106 innumerabilia
1885 2069 1974 2105 sunt.

298 2126 415 2173 Atque
440 2127 475 2160 in
495 2136 622 2159 nomen
641 2123 801 2172 sophistae
829 2126 927 2165 (Hoc
940 2124 1062 2156 nomine
1078 2121 1151 2166 usus
1166 2118 1208 2164 est
1227 2120 1349 2153 Herod.
1368 2121 1401 2152 in
1420 2121 1506 2163 Clio,
1531 2132 1558 2153 c.
1571 2119 1647 2161 29.)
1672 2121 1775 2155 etiam
1798 2119 1976 2155 invehitur

298 2173 390 2223 quasi
404 2173 622 2222 probrosum:
651 2186 757 2220 quum
774 2171 934 2220 profe&o
950 2184 1027 2215 eos,
1054 2171 1111 2219 qui
1125 2170 1221 2205 velut
1239 2167 1384 2216 opifices
1397 2168 1534 2215 quidam
1554 2169 1657 2204 essent
1670 2167 1910 2216 sapientiae‚&
1922 2180 1975 2203 ar-

300 2234 372 2259 tem
397 2222 565 2271 quandam
588 2222 740 2257 facerent
759 2222 847 2257 illius
861 2248 873 2266 ,
898 2220 1061 2269 sophistas
1076 2245 1088 2264 ‚
1113 2228 1153 2254 ut
1173 2217 1361 2253 citharistas
1387 2217 1423 2252 ἃ
1443 2217 1689 2265 grammatistas
1704 2241 1715 2262 ‚
1742 2224 1884 2252 vocatos
1899 2242 1910 2261 ,
1938 2216 1976 2252 Sc

297 2272 415 2322 postea
429 2272 516 2307 vitio
540 2271 745 2314 hominum,
771 2268 832 2307 (ut
852 2272 888 2306 in
902 2271 974 2306 aliis
989 2269 1146 2319 pluribus
1164 2265 1300 2303 evcnit)
1327 2278 1455 2302 nomen
1475 2278 1613 2313 quoque
1634 2266 1722 2302 male
1740 2265 1877 2301 audiisse
1890 2278 1977 2301 con-

298 2322 375 2358 stet.
426 2322 523 2356 Nam
545 2319 639 2368 quod
658 2320 810 2366 exagitat
830 2320 1029 2367 praeclaram
1049 2317 1251 2354 sententiam
1269 2314 1312 2351 de
1334 2314 1480 2350 instabili
1499 2314 1534 2349 &c
1550 2316 1680 2350 incerta
1699 2315 1840 2350 fortuna
1860 2327 1977 2350 rerum

301 2373 527 2407 humanarum
543 2395 555 2414 9
581 2381 683 2416 quam
701 2368 904 2403 Herodotus
925 2369 1044 2404 Soloni
1060 2366 1255 2403 attribuerit
1281 2367 1389 2410 (Clio,
1407 2377 1434 2398 c.
1448 2365 1520 2410 37..)
1548 2364 1627 2409 (cui
1645 2364 1786 2412 quidem
1805 2363 1927 2399 similes
1940 2364 1978 2399 &

301 2420 383 2456 alibi
397 2418 581 2468 leguntur)
609 2417 725 2452 nimiae
740 2416 913 2466 sapientiae
930 2417 966 2452 ὃς
980 2417 1099 2465 pietati
1115 2415 1264 2450 hominis
1278 2413 1503 2449 concedatur:
1531 2413 1589 2460 qui
1606 2414 1732 2448 veritus
1747 2413 1806 2459 fit,
1833 2425 1875 2448 ne
1890 2412 1914 2448 fi
1930 2413 1979 2449 ita

303 2469 347 2505 de
362 2470 442 2505 Deo
457 2468 640 2515 loquamur
655 2492 666 2511 ‚
694 2476 732 2502 ut
752 2467 920 2501 humanus
944 2465 1138 2501 intelle&us
1159 2474 1236 2512 quae
1260 2463 1422 2498 dicuntur
1443 2463 1621 2510 percipere
1641 2461 1741 2510 possit
1754 2488 1766 2507 ,
1792 2474 1912 2510 parum
1927 2463 1977 2510 pii

304 2519 370 2554 effe
385 2517 574 2553 videamur.
624 2515 698 2551 Cur
716 2527 801 2564 ergo
818 2517 899 2551 Deo
919 2515 1038 2550 oculos
1055 2540 1066 2559 ,
1092 2526 1210 2549 manus
1227 2539 1239 2558 9
1265 2512 1367 2560 pedes
1382 2537 1393 2557 ,
1419 2523 1512 2546 aures
1533 2511 1782 2547 attribuimus?
1808 2523 1870 2547 cur
1890 2510 1978 2546 dici-

307 2580 383 2603 mus
399 2568 516 2603 Deum
534 2564 651 2600 irasci?
679 2577 740 2600 cur
752 2560 890 2600 ulcisci?
914 2565 1018 2600 etiam
1034 2562 1317 2610 ve1·eriprofe6to
1331 2587 1342 2606 ‚
1368 2570 1520 2606 tentare,
1545 2561 1737 2607 poenitere,
1763 2560 1889 2605 laetari,
1915 2559 1980 2594 do-

307 2617 389 2651 lere.
415 2615 508 2662 mip'p‘w
523 2616 554 2661 ᾗῇ
574 2615 670 2654 λύπης
689 2618 712 2666 ιζ,
730 2619 842 2660 χωρεῖς
857 2614 957 2662 sagula·
973 2615 1008 2648 τὸ
1026 2616 1117 2649 θεῖον.
1152 2612 1222 2647 fine
1241 2611 1362 2659 quibus
1378 2609 1433 2644 illa
1452 2622 1494 2644 ne
1508 2609 1657 2657 intelligi
1673 2609 1813 2657 quidem
1829 2608 1980 2656 possunt.

308 2665 409 2711 Qid
429 2661 660 2712 Xenophon?
687 2669 776 2712 (quo
798 2675 901 2698 nemo
924 2662 990 2698 fuit
1013 2663 1162 2697 numinis
1175 2661 1344 2696 colentior
1357 2682 1368 2703 ‚
1394 2671 1497 2694 nemo
1511 2658 1744 2694 observantior
1759 2684 1771 2702 ‚
1797 2669 1899 2692 nemo
1912 2657 1980 2691 im-

309 2715 446 2762 pietatis
464 2726 545 2761 erga
563 2714 681 2748 Deum
700 2714 811 2748 acrior
834 2712 965 2753 hostis)
992 2723 1106 2747 nonne
1128 2709 1269 2745 eandem
1290 2708 1490 2743 sententiam
1511 2720 1640 2756 ponere
1664 2720 1733 2742 non
1753 2705 1923 2741 dubitavit
1942 2705 1979 2740 in

310 2763 477 2811 praeclaro
496 2763 555 2798 illo
570 2774 673 2810 opere
686 2761 744 2796 suo
759 2760 910 2797 historiae
937 2774 1051 2797 rerum
1070 2756 1300 2796 Graecarum?
1326 2755 1371 2792 fic
1385 2758 1476 2791 enim
1497 2759 1543 2792 ait
1572 2757 1788 2801 (Hellenicam
1801 2755 1822 2789 Ι.
1845 2755 1894 2799 5.)
1922 2757 1946 2803 ,ὲ
1965 2757 1980 2788 ὅ

310 2811 384 2847 θεὸς
401 2811 441 2856 ³3,
467 2815 502 2848 αἱς
519 2813 593 2847 'some
612 2835 623 2855 ‚
647 2811 783 2847 mnxoimc
801 2810 893 2858 χοιὲςᾷ
908 2810 960 2848 τές
975 2810 1029 2856 μᾶζδ
1046 2809 1154 2857 μικςές
1169 2806 1311 2855 μεγοίλες
1330 2810 1439 2847 ποιῶν,
1465 2806 1515 2843 ‘nic
1534 2807 1553 2852 {3
1571 2805 1711 2852 μεγάλες
1726 2802 1840 2850 μικςές.
1887 2803 1981 2838 Haec

310 2861 418 2907 igitur
429 2860 588 2908 sacrilega
602 2860 651 2895 est
671 2861 707 2895 in
720 2860 907 2895 Herodoto
924 2859 1106 2902 sententia,
1133 2859 1210 2906 quia
1228 2855 1412 2890 secundum
1427 2855 1610 2892 hominum
1626 2853 1889 2900 intelligentiam
1907 2852 1984 2893 φθο-

314 2908 389 2955 νεςὸν
405 2908 494 2943 dixit
508 2910 572 2943 esl'e
587 2910 620 2944 τὰ
637 2913 728 2946 θεῖον.
779 2909 846 2944 Sed
866 2909 942 2944 haec
959 2921 1060 2956 quam
1083 2907 1147 2942 sint
1169 2905 1278 2942 futilia
1293 2905 1368 2951 quis
1386 2917 1455 2938 non
1474 2904 1568 2939 videt
1586 2904 1599 2938 ?
1625 2902 1793 2937 Omissam
1810 2911 1925 2936 autem
1943 2900 1984 2935 il-

310 2957 381 2992 lam
395 2957 476 2991 retis
492 2957 639 2992 fabulam
659 2958 694 2992 ἅτ
708 2959 835 2993 Pittaci
849 2969 999 3005 pugnam
1023 2957 1107 2992 ferat
1130 2967 1230 3003 aequo
1249 2954 1364 2988 animo
1378 2953 1582 2989 Plutarchus
1597 2965 1604 2986 :
1630 2950 1730 2997 seque
1744 2950 1813 2985 hoc
1829 2949 1983 2984 console-

315 3016 390 3049 tur,
417 3004 511 3053 quod
528 3030 540 3049 ,
566 3015 605 3039 ut
621 3007 668 3040 ait
684 3031 696 3049 ‚
723 3016 777 3040 tot
793 3007 870 3040 alias
884 3005 1079 3052 exposuerit
1092 3017 1161 3040 non
1175 3003 1282 3051 magis
1295 3001 1452 3049 profecto
1467 3000 1639 3037 fabulosas.
1690 2998 1757 3033 Sed
1774 3009 1986 3046 prietereun-

313 3055 357 3090 da
370 3053 445 3089 sunt
461 3064 554 3089 certe
570 3053 681 3100 aliqua
696 3079 708 3097 ‚
735 3054 875 3101 indigna
889 3066 966 3101 quse
983 3053 1186 3090 refutentur.
1236 3049 1351 3086 Croesi
1371 3050 1509 3097 quidem
1529 3060 1641 3084 annon
1658 3046 1732 3082 satis
1747 3047 1835 3082 clare
1851 3059 1985 3082 memo-

312 3113 365 3139 rat
380 3102 630 3148 eruditionem,
657 3102 694 3139 &
708 3101 900 3138 dominam
921 3102 1071 3140 fortuna:
1090 3100 1236 3140 adversae
1265 3102 1371 3145 (Clio,
1387 3112 1416 3135 c,
1439 3099 1540 3145 207.)
1566 3098 1623 3133 cui
1640 3097 1682 3133 τοῖ
1698 3096 1866 3144 παθήμαΊοι
1881 3095 1985 3179 'wos-

1899 3161 1947 3192 μα
1960 3158 1982 3181 ω
