2112 3621
276 192 296 231 8
305 201 326 244 7
334 204 356 230 z

278 257 389 302 καίφει
398 279 409 298 ,
419 254 440 293 Ξῖ
451 252 542 289 Πκνίς
559 254 728 300 τ“ω“’γοιλμικ
745 253 881 299 κατάπερ
892 252 1013 292 Rhamis
1023 256 1129 298 alym.

281 305 440 340 Omnino
458 312 594 350 apparet
617 303 738 338 alienas
763 314 877 338 manus
898 302 1055 350 injuriam
1081 310 1130 335 at·

281 352 390 388 tuliffe
407 351 488 386 huie
505 352 584 385 loco
599 377 610 396 ,
636 352 727 400 quali
747 353 864 398 γλύφίν
881 363 960 387 cum
979 349 1130 397 ζωκοὶφοι

282 413 352 436 non
376 402 575 435 conveniret
595 414 602 435 τ
629 402 718 436 unde
743 401 943 436 addiderunt
963 400 1069 435 'etiam
1094 402 1131 433 οἱ·

281 449 511 496 γαλμαἾοπωές
525 459 683 498 tanquam
699 450 864 498 opificum
880 461 986 499 genus
1001 474 1013 494 ‚
1035 446 1131 496 quod

280 499 421 549 proprie
436 499 621 547 pertineret
637 500 677 535 ad
694 501 810 545 τέχνῖω
828 499 1009 545 mummia),
1024 508 1130 546 quum

282 546 368 582 nihil
384 556 479 582 vetet
496 557 679 595 utrumque
702 550 742 584 ad
771 548 924 595 ζωχοίφκς
949 546 1131 594 respicere,

282 595 320 631 &
346 595 403 631 sub
428 596 479 631 his
504 596 577 632 solis
603 597 892 645 comprehendere
916 595 1132 644 quoscunque

283 644 426 694 opifices
441 645 482 680 ad
499 645 626 695 effigies
646 646 805 694 parandas
822 671 834 691 ,
861 646 946 681 sicut
970 657 1052 679 mox
1069 656 1131 691 pro

279 704 429 743 utroque
452 694 519 729 hoc
537 695 641 730 verbo
667 697 765 744 ponit
784 707 890 731 unum
906 695 1029 741 χοίφᾴν.
1061 692 1131 727 <ivd-1

283 744 304 788 {i
319 744 413 778 εἵνεκα
428 748 542 779 τοιὲτον
559 745 690 791 καίφεζι
706 745 805 780 αὐτόν.

339 803 457 836 107‚2.
486 792 596 834 Πάνῖςὶς
612 795 662 832 τὶς
679 792 803 842 αἶγας]
834 791 946 835 Nulla
956 803 999 826 ex
1022 788 1132 842 MSto

282 840 367 875 mihi
384 851 499 876 notata
517 843 674 887 varietas,
701 843 789 878 unde
806 841 961 891 oportuit
979 839 1130 884 relinqui-

281 890 362 924 Sola
377 890 562 926 Camerarii
578 892 684 927 editio
703 892 804 927 habet
822 891 921 927 παίνἹες
937 916 948 933 ,
975 901 1018 924 ex
1034 886 1131 937 indu-

283 938 360 974 stria
377 952 418 975 an
436 951 549 975 errore
574 941 685 975 nescio
705 957 715 982 3
739 951 832 975 certe
855 939 945 974 nulla
969 938 1016 972 est
1040 936 1133 970 causa

284 987 331 1022 fic
358 988 520 1023 mutandi.
569 988 636 1023 Sed
663 988 806 1037 signavit
832 988 923 1023 hunc
947 987 1064 1022 locum
1083 983 1131 1017 H.

283 1035 474 1084 Stephanus
490 1038 524 1071 in
541 1035 729 1072 Thesauro.

337 1096 417 1129 107,
433 1096 466 1131 7.
492 1090 540 1131 Τῷ
559 1088 728 1125 Μενδησίων
747 1083 859 1131 νομῷ]
896 1084 931 1119 Si
957 1082 1061 1118 modo
1086 1083 1133 1117 ita

280 1132 445 1182 scripserit
453 1133 671 1179 Herodotus,
696 1133 756 1170 etsi
774 1134 859 1168 nihil
877 1132 996 1181 possim
1012 1130 1131 1166 afferre

280 1194 323 1218 ex
335 1183 415 1218 MS.
441 1182 573 1230 Utique
590 1196 663 1231 cap.
681 1195 725 1229 42
741 1183 825 1217 dicit
842 1187 917 1228 νομὲ
931 1180 952 1220 Ξ
970 1183 1131 1220 Μενδησίκ.

281 1232 338 1267 Ex
356 1232 420 1267 hac
445 1243 563 1266 norma
583 1231 722 1267 deberet
746 1231 802 1266 hic
826 1230 895 1279 legi
917 1234 958 1277 τῷ
977 1232 1130 1275 Μενδησίῳ

282 1284 362 1327 νομῷ·
377 1305 390 1325 ,
422 1280 513 1329 quod
536 1281 659 1329 opinor
691 1279 734 1315 ab
759 1280 942 1316 Herodoto
969 1278 1131 1328 scriptum

278 1329 355 1364 effe.

335 1389 416 1426 107,
437 1388 489 1426 13.
523 1381 638 1422 Au'voTCi
664 1381 735 1426 τοῖο
756 1380 897 1424 ἱματίοιςι
918 1378 1011 1413 aima-iv
1030 1375 1132 1417 ἕξοιῷε

283 1428 384 1462 ἒωῦτδν
402 1426 463 1469 βοῖς
491 1433 516 1462 ἐς
539 1429 557 1460 ‘i
581 1426 749 1472 ποΊσιμδν.]
785 1427 855 1461 Aut
871 1438 940 1461 non
958 1424 1132 1460 intellexe-

282 1485 362 1510 runt
379 1476 443 1509 viri
463 1474 555 1509 docti
575 1475 667 1509 hunc
685 1475 800 1509 locum
819 1499 831 1519 ,
857 1483 915 1508 aut
930 1472 954 1508 si
972 1472 1006 1507 id
1023 1472 1134 1507 conti-

282 1525 335 1572 git
352 1523 387 1557 &
405 1522 613 1570 acquiescere
630 1531 838 1571 potuerunt,
864 1521 983 1558 debuit
999 1521 1044 1556 eis
1061 1521 1134 1556 He-

281 1572 421 1607 rodotus
438 1568 545 1606 videri
564 1571 704 1607 stolidus
722 1571 865 1620 scriptor
880 1597 892 1616 ,
920 1571 978 1620 qui
995 1569 1135 1606 eandem

282 1633 355 1656 rem
375 1619 420 1655 fic
438 1629 489 1655 ter
505 1622 680 1669 exprimit.
725 1622 821 1656 Nam
838 1620 921 1656 dum
938 1620 1022 1655 dicit
1040 1620 1134 1655 οἰπιών

283 1669 408 1713 ἕέοιῷε,
433 1669 517 1705 illud
535 1670 750 1718 participium
769 1670 887 1718 nequit
904 1668 1067 1718 explicari
1085 1669 1135 1703 ni-

281 1719 307 1754 fi
327 1720 360 1753 in
379 1719 523 1754 fluvium
541 1731 548 1753 :
574 1718 629 1753 sed
645 1720 680 1753 &
697 1719 818 1754 deinde
835 1718 939 1761 ἕξοιῴι
957 1719 1048 1754 ioculo&
1064 1730 1134 1754 ma-

282 1768 402 1803 nifeste
418 1767 553 1816 respicit
570 1780 640 1803 non
657 1768 755 1804 aliam
771 1781 889 1816 aquarn
900 1793 912 1812 ‚
923 1780 1024 1816 quam
1035 1767 1132 1804 Nili:

281 1817 427 1865 denique
446 1816 509 1861 βοὶς
535 1822 561 1854 ἐς
579 1819 598 1851 ἓ
616 1818 747 1864 ποῖαμδν
765 1842 776 1861 ,
802 1817 891 1852 idem
907 1816 989 1852 facit
1006 1842 1018 1862 ,
1043 1815 1134 1865 quod

282 1867 400 1910 οἰπιών,
425 1866 518 1914 quod
536 1865 652 1909 βάψας
674 1867 776 1902 {auida
812 1867 931 1914 Itaque
949 1865 1035 1902 nihil
1052 1866 1134 1902 suti-

282 1916 345 1951 lius
359 1915 413 1951 vel
432 1916 500 1950 hoc
516 1914 659 1963 scripto,
685 1916 737 1951 vel
756 1916 807 1950 his
824 1914 1024 1951 lectoribus:
1050 1927 1134 1964 quos

281 1966 367 2000 inter
377 1963 566 2000 vaniffimus
583 1964 630 1999 est
639 1964 760 2000 Claud.
779 1963 991 2013 Dausquejus
1005 1964 1046 2000 ad
1061 1964 1134 2001 Silii

285 2014 394 2049 Italici
413 2015 534 2049 librum
552 2025 564 2061 3
587 2015 632 2049 ita
649 2015 771 2049 citans:
801 2012 842 2049 lu?
856 2030 898 2050 τις
916 2014 1020 2062 ψαύσῃ
1039 2019 1133 2050 αὐτῶν

284 2065 404 2105 παθῶν
419 2065 464 2100 ν’ὂς
486 2067 584 2099 αὐτοῖς
601 2088 614 2107 ,
639 2074 693 2100 τοῖς
716 2065 856 2109 {patrimo
876 2063 962 2099 ἐπιών
981 2063 1084 2106 ’ἐξαψε
1104 2069 1133 2100 ἒ-

285 2113 374 2147 ωὗτόν
394 2113 455 2154 βοὶς
473 2117 499 2148 ἐς
516 2128 544 2146 τ.
562 2128 596 2147 π.
639 2113 734 2147 Nam
754 2113 815 2154 βοὶς
839 2118 867 2150 ἐς
884 2114 904 2147 ”i‘
919 2113 1045 2160 ποἹαμόν
1063 2126 1132 2148 non

283 2161 331 2196 est
354 2161 525 2206 adflumen
542 2186 553 2204 ,
585 2170 643 2195 aut
659 2162 766 2209 ripam
784 2163 854 2210 ejus
870 2186 882 2206 ,
917 2161 971 2197 sed
995 2165 1029 2197 in
1046 2163 1131 2198 illud.

284 2210 383 2258 Saepe
409 2210 446 2244 ὃς
472 2218 600 2244 attente
625 2210 717 2245 hunc
734 2210 848 2245 locum
874 2209 915 2245 ab
935 2211 1068 2247 Huetio
1084 2211 1132 2246 le-

282 2259 376 2294 &uni
393 2258 487 2294 fuiss'e
504 2257 606 2293 docet
624 2260 694 2307 ejus
706 2259 898 2307 Propositio
914 2270 1049 2307 quarta,
1073 2260 1132 2296 ubi

283 2308 429 2356 plurima
442 2307 484 2342 de
499 2305 590 2342 suilla
608 2319 708 2342 carne
725 2308 855 2355 profert
871 2334 883 2353 ,
909 2308 962 2344 sed
980 2309 1053 2345 satis
1070 2322 1132 2345 no-

284 2366 318 2392 ta
343 2355 378 2391 &
403 2357 502 2392 nimis
529 2355 648 2391 crebro
673 2356 790 2399 dieta3
818 2369 935 2392 verum
961 2359 986 2394 is
1007 2360 1133 2394 Graeca

283 2419 354 2442 non
371 2406 502 2454 tangit,
518 2414 698 2441 contentus
716 2404 858 2441 summas
874 2419 985 2442 rerum
1001 2407 1131 2443 libavis-
1149 2442 1152 2448 ,

280 2455 313 2490 se
328 2481 341 2500 ‚
367 2454 403 2490 ὃ(
421 2456 502 2490 dum
526 2453 628 2502 scopo
644 2453 701 2490 suo
719 2453 952 2491 inservientem
970 2457 1131 2492 Herodo-

282 2514 356 2539 tum
382 2504 515 2540 honore
533 2504 702 2538 citationis
721 2503 881 2552 d1gnatur
901 2530 913 2550 ‚
940 2506 1051 2541 mutui
1074 2518 1130 2541 au-

281 2553 353 2588 xilii
372 2553 570 2588 comitatem
594 2565 663 2587 non
686 2554 890 2600 impertitur.
926 2554 1042 2590 Tanta
1064 2554 1130 2591 foe-

282 2603 367 2638 ditas
383 2614 467 2651 ergo
485 2612 524 2637 ut
540 2601 676 2637 tandem
693 2602 902 2651 abstergatur
917 2629 929 2647 ,
953 2605 1131 2653 egregium

281 2651 345 2686 else
363 2661 456 2699 patet
482 2651 519 2686 δεῖ
542 2651 630 2686 ultra
655 2663 755 2698 quam
781 2651 951 2700 expestari
978 2662 1131 2700 poterat,

282 2712 386 2748 quum
403 2713 467 2748 pro
483 2699 546 2735 isto
570 2699 688 2737 insulso
705 2701 886 2748 participio
909 2703 1005 2737 οἰπιιδν
1022 2701 1131 2737 codex

281 2749 432 2796 optimus
449 2749 594 2784 restituit
617 2752 672 2784 ἀπ’
690 2750 725 2783 ὦν
746 2749 850 2792 {Cattae
868 2774 880 2794 ‚
904 2750 997 2798 quod
1012 2752 1131 2800 genui-

281 2810 363 2832 num
380 2797 552 2833 Herodoti
575 2797 639 2832 effe
665 2808 757 2846 patet
784 2799 838 2834 vel
863 2811 905 2834 ex
932 2800 1031 2847 paulo
1055 2802 1148 2835 ante'

281 2845 489 2894 conscriptis.
514 2846 648 2881 Deinde
665 2848 777 2896 pergit
795 2846 888 2883 οἱπάἷν
909 2848 1010 2891 {Curias
1029 2850 1130 2885 ἑω-ζὶτδν

283 2897 344 2938 βοὶς
362 2895 415 2930 &Tiri
432 2897 451 2928 i*-
476 2896 583 2941 ποἿοιμ.
634 2895 728 2931 Nam
752 2897 787 2931 in
806 2896 947 2932 fluvium
965 2898 1131 2933 intravisse

282 2944 479 2979 continetur
497 2944 530 2977 in
547 2943 651 2979 verbo
673 2944 815 2988 Ε’Έοιψε,
837 2944 928 2992 quod
947 2945 1041 2980 aliter
1059 2946 1130 2981 fieri

282 2993 410 3041 nequit.
438 2993 553 3039 ltaque
571 2991 655 3026 dicit
672 2993 765 3036 fore,
789 3003 828 3027 ut
845 3002 896 3027 eat
915 2993 955 3027 ad
973 2994 1129 3038 fluvium,

283 3043 319 3076 ὃς
337 3053 442 3089 quum
459 3040 608 3084 uenerit,
636 3041 670 3074 in
687 3052 728 3074 eo
746 3041 776 3075 sc
791 3051 932 3089 mergat.

335 3101 413 3138 107,
426 3102 478 3131 19.
505 3092 573 3125 A'nx'
590 3090 736 3133 ἐκδίδονῦ
753 3096 776 3123 οι·
791 3089 876 3136 συξ]
901 3089 1128 3126 Mollissimtun

286 3141 533 3174 connexionem
550 3138 737 3185 interponit
754 3138 834 3174 MS.
851 3141 910 3174 aim·
926 3139 1084 3174 ὸκὸίὸενῗοιί
1097 3155 1128 3175 τε

603 180 776 243 JAc.
851 181 1693 228 GRONov11NoTAE

1183 258 1208 285 οἱ
1223 252 1291 287 crue.
1324 251 1430 298 Quod
1448 250 1570 286 deinde
1585 251 1774 298 Stephanus
1790 263 1832 286 ex
1853 249 1955 287 MSS.
1969 250 2034 286 suis

1183 300 1359 349 proposuit
1374 326 1383 344 ‚
1413 307 1442 336 ἐν
1463 305 1500 347 τῇ
1515 300 1549 335 οἷν
1566 299 1607 335 ταὶ
1624 299 1679 344 1392
1697 301 1834 347 &do-coci,
1861 299 1972 335 firmat
1991 301 2031 334 li-

1184 349 1244 384 ber
1259 349 1436 384 Mediceus
1452 375 1464 395 ‚
1491 348 1527 384 &
1544 347 1682 398 probius
1697 348 1745 384 est
1760 374 1772 393 ‚
1797 361 1897 398 quam
1913 350 2031 398 vulga-

1184 407 1257 432 tum
1277 399 1384 444 Ξόωζι.

1239 458 1317 491 107,
1328 459 1383 491 4¹-
1412 447 1504 481 nala}
1517 448 1653 494 χοίρων]
1673 446 1769 482 Sicut
1778 447 1949 496 duplicem
1962 447 2031 481 for-

1184 496 1262 530 tasse
1277 495 1403 531 sensum
1420 496 1595 543 patiuntur
1610 495 1762 544 apposita
1777 497 1878 532 verba
1893 509 1970 530 cum
1982 497 2033 531 vi-

1184 546 1267 580 cinis
1282 570 1293 589 3
1320 544 1356 578 δι’
1372 545 1430 578 vix
1453 544 1610 580 decernas
1626 571 1634 584 ‚
1664 554 1777 579 utrum
1799 545 1841 580 de
1864 547 1928 580 alio
1947 546 2032 580 Bac-

1185 595 1241 628 chi
1257 594 1341 629 festo
1360 618 1371 637 ,
1397 604 1434 628 ut
1452 593 1620 629 intellexit
1641 593 1738 628 Valla
1754 618 1765 638 ‚
1791 606 1832 628 an
1851 595 1964 642 potius
1980 606 2034 628 re-

1184 642 1308 691 liquam
1334 642 1406 677 festi
1430 643 1499 688 eius
1525 643 1622 677 unius
1646 641 1879 676 solennitatem
1909 642 2035 678 intelli-

1184 701 1243 740 gat
1259 690 1376 726 εωξὶοι·
1390 716 1402 736 ,
1427 686 1530 739 prout
1552 691 1810 740 intelligendum
1827 691 1942 726 statuit
1959 693 2037 727 Ste-

1185 740 1341 788 phanus;
1368 741 1414 775 ita
1439 739 1511 774 sane
1529 738 1597 775 scio
1619 741 1696 775 haec
1718 739 1760 774 de
1786 741 1897 788 porcis
1921 742 2036 788 porci-

1185 801 1226 823 na
1248 801 1327 825 vere
1351 788 1387 823 &
1411 787 1457 824 sui
1483 790 1630 824 nominis
1656 788 1730 823 effe.
1782 790 1878 825 Nam
1903 789 1970 825 sive
1991 789 2036 825 de

1184 837 1306 872 eodem
1332 837 1415 871 festo
1441 839 1584 886 accipias
1601 864 1613 883 ‚
1647 838 1679 873 id
1707 838 1800 886 quod
1824 839 1888 874 esse
1911 840 2038 888 opinor

1187 884 1417 930 verisimilius,
1441 884 1515 921 satis
1525 887 1642 922 Graeci
1658 886 1817 923 videbant
1828 913 1840 932 ‚
1867 900 1909 923 ex
1925 900 2038 924 narra·

1187 934 1281 968 tione
1297 959 1309 978 ,
1335 946 1436 981 quam
1453 933 1495 969 de
1512 937 1608 982 porci
1627 935 1828 971 mactatione
1846 939 1911 982 iam
1931 937 2036 982 fecit,

1186 982 1375 1031 AEgyptios
1398 982 1464 1017 alio
1481 982 1558 1030 ipfis
1584 984 1687 1018 modo
1707 981 1874 1032 Dionysia
1888 986 2036 1021 celebra-

1186 1044 1242 1076 re,
1267 1041 1306 1066 ut
1324 1031 1357 1066 id
1374 1041 1443 1067 tam
1460 1031 1677 1080 praeposterae
1693 1033 1928 1069 inculcationis
1941 1035 2036 1071 velut

1187 1083 1339 1128 ὓῖημὲτρῳ
1356 1092 1494 1117 monere
1509 1093 1579 1116 non
1594 1080 1743 1117 deberet.
1769 1083 1803 1116 bi
1819 1082 1860 1116 de
1875 1082 1941 1117 alio
1950 1084 2036 1119 festo

1185 1129 1440 1177 interpreteris,
1474 1130 1593 1179 utique
1618 1130 1641 1165 si
1667 1131 1702 1166 in
1727 1130 1786 1166 illo
1812 1132 1914 1166 etiam
1938 1133 2036 1180 porci

1186 1188 1333 1214 mortem
1359 1178 1499 1227 specstari
1515 1180 1696 1228 AEgyptiis
1709 1179 1909 1228 ‘superstitio
1927 1181 2037 1230 impe-

1185 1227 1302 1272 rasset,
1319 1227 1352 1262 id
1371 1227 1479 1263 nullus
1494 1227 1636 1273 dubito,
1663 1230 1745 1277 quin
1753 1229 1953 1266 Herodotus
1960 1234 2037 1274 {non

1185 1276 1231 1312 ita
1246 1276 1461 1326 negligenter
1476 1276 1758 1323 tranfiluiiset‚ut
1774 1289 1907 1314 tanturn
1924 1279 2038 1315 obiter

1185 1334 1359 1362 annotaret
1375 1326 1557 1362 convenire
1572 1327 1607 1361 in
1624 1327 1693 1362 aliis
1702 1328 1876 1377 Dionyfiis
1891 1329 2037 1364 Graecos

1185 1374 1221 1409 ὃ(
1237 1375 1427 1424 AEgyptios
1445 1384 1672 1424 praeterquam
1698 1377 1732 1411 in
1748 1389 1856 1424 porco
1876 1391 1883 1412 :
1909 1390 1952 1412 cx
1971 1390 2038 1425 qua.

1186 1423 1347 1458 relatione
1366 1423 1487 1460 nescias
1506 1424 1525 1460 a
1541 1424 1738 1473 quibusnam
1758 1426 1881 1462 horum
1899 1425 2037 1462 metari

1186 1470 1328 1507 adsueffe
1343 1484 1486 1518 porcum
1496 1473 1695 1510 Herodotus
1711 1476 1837 1510 innuat.
1869 1477 1987 1525 Itaque
2001 1488 2040 1510 a-

1187 1519 1258 1554 liud
1274 1521 1381 1554 rursus
1398 1519 1576 1555 discrimen
1592 1523 1680 1557 inter
1695 1525 1866 1571 AEgyptia
1882 1525 1919 1560 ὃς
1934 1526 2037 1561 Grae-

1189 1580 1227 1603 ca
1251 1566 1417 1616 Dionysia
1441 1567 1586 1602 refertur
1601 1592 1614 1612 ,
1643 1579 1683 1604 ut
1708 1573 1784 1616 post
1811 1583 1974 1608 narratam
2000 1575 2041 1609 in.

1188 1618 1285 1666 porci
1300 1615 1505 1652 mactatione
1519 1617 1753 1653 caerimoniam
1771 1618 1863 1654 dicat
1876 1621 2038 1656 Herodo-

1187 1675 1241 1702 tus
1263 1667 1298 1702 in
1322 1666 1455 1714 reliquis
1479 1666 1662 1702 convenire
1678 1692 1689 1712 ,
1714 1667 1776 1703 nifi
1801 1668 1894 1715 quod
1916 1670 1953 1704 in
1967 1681 2041 1706 uno

1186 1716 1288 1752 etiam
1305 1715 1416 1751 adhuc
1431 1714 1601 1751 differant.
1630 1715 1670 1752 Id
1687 1717 1784 1764 quale
1803 1717 1844 1752 s1t
1860 1745 1870 1758 ,
1897 1718 2042 1766 praecla-

1185 1778 1222 1801 re
1245 1765 1331 1801 mihi
1356 1764 1519 1812 patefecit
1543 1766 1624 1801 MS.
1659 1766 1839 1802 Mediceus
1856 1792 1868 1811 ,
1901 1779 1944 1802 ex
1967 1780 2040 1816 quo

1186 1814 1278 1850 idem
1301 1814 1382 1850 alios
1407 1813 1517 1849 doceo
1534 1839 1546 1859 ‚
1579 1815 1785 1864 corrigendo
1810 1816 1901 1852 πλῖαὶ
1930 1822 2041 1864 χορῶν.

1186 1864 1329 1913 Nempe
1351 1863 1469 1899 eadem
1491 1863 1639 1912 utrisque
1666 1865 1813 1900 hilaritas
1834 1865 1925 1901 adest
1940 1892 1953 1911 ‚
1978 1878 2042 1902 ne·

1186 1912 1317 1958 brides,
1332 1912 1461 1948 clamor
1476 1913 1544 1949 ἃς.
1561 1913 1623 1949 nifi
1641 1913 1734 1963 quod
1749 1914 1872 1950 choros
1888 1927 1959 1951 non
1973 1916 2037 1952 du·

1186 1972 1266 1999 cant
1291 1963 1454 2011 AEgyptii
1470 1987 1482 2006 ‚
1515 1975 1622 2011 quum
1649 1964 1768 1999 Graeci
1792 1963 1975 2012 praesertim
2000 1965 2039 2001 in

1186 2012 1314 2048 Bacchi
1330 2011 1415 2047 festo
1434 2023 1490 2047 eos
1508 2012 1668 2048 duxerint
1683 2013 1853 2049 alludente
1869 2014 1941 2048 satis
1951 2014 2037 2048 Pro-

1187 2062 1300 2110 pertio
1319 2061 1354 2095 in
1370 2061 1479 2109 prima
1496 2061 1605 2111 elegia
1620 2061 1696 2098 libri
1715 2063 1805 2098 tertii
1820 2087 1833 2108 ‚
1858 2072 1932 2097 tum
1949 2062 2035 2097 teste

1186 2109 1357 2159 Dionysio
1375 2109 1626 2156 Alexandrino,
1650 2111 1702 2147 Ka?
1717 2110 1791 2158 μεῷἐ
1807 2111 1947 2145 Λῖωαίων
1965 2112 2036 2159 tego&

1185 2159 1272 2206 χορδν
1288 2159 1416 2199 {sirmio
1431 2159 1499 2194 δίε.
1526 2159 1593 2194 Sed
1609 2161 1718 2195 curin
1732 2159 1870 2195 citando
1884 2160 1925 2195 ad
1940 2160 2034 2196 hunc

1188 2210 1321 2253 haereo,
1345 2220 1450 2256 quum
1468 2208 1686 2245 totaGraecia
1701 2218 1796 2244 vetus
1812 2208 1846 2243 id
1865 2208 2035 2258 hodieque

1187 2258 1310 2293 clamet
1325 2283 1337 2302 ,
1363 2255 1560 2305 causamque
1577 2258 1664 2293 hanc
1679 2257 1763 2292 adeo
1788 2256 1933 2293 feliciter
1949 2271 2033 2295 con-

1186 2307 1401 2343 summaverit
1425 2308 1591 2342 maximus
1610 2306 1826 2342 Casaubonus
1848 2308 1882 2342 in
1900 2309 2032 2356 origine

1186 2357 1351 2404 Satyricae
1377 2353 1514 2403 poeseos
1531 2355 1545 2390 ?
1575 2355 1752 2391 Caeterum
1786 2355 1866 2390 tales
1893 2357 2036 2394 Graecas

1185 2405 1398 2441 solennitates
1412 2414 1573 2440 annotare
1588 2404 1671 2440 solet
1683 2404 1893 2440 Herodotus.
1916 2405 1974 2441 Sic
1989 2406 2033 2442 de

1186 2454 1378 2504 Babyloniis
1392 2465 1464 2501 cap.
1486 2466 1563 2496 191.
1604 2454 1659 2491 Τὲς
1680 2454 1712 2489 τδ
1725 2457 1813 2500 μέσον
1830 2455 1963 2492 οἱκὲονῖας
1977 2460 2033 2492 τᾶν

1187 2507 1395 2546 Βοιξυλωνίων,
1420 2507 1437 2537 κ’
1453 2504 1606 2548 ymerium
1622 2502 1798 2540 ἑαλωκότας
1811 2527 1823 2546 ,
1849 2503 1939 2540 οἰλλοὶ
1958 2507 2032 2548 (rv-

1186 2559 1250 2600 χεῖν
1268 2553 1329 2600 yde
1347 2561 1403 2593 σφι
1428 2557 1512 2585 {isam
1537 2552 1645 2600 όςτῖῶ)
1671 2552 1806 2600 χοςάὲιην
1829 2567 1860 2587 τε
1885 2557 1967 2588 τ’ἰτον
1983 2553 2031 2587 τᾶν

1185 2602 1337 2651 χςᾶνον,ᾐ
1357 2605 1386 2636 ἐν
1408 2601 1582 2648 όῧπαθεῖῃζι
1599 2600 1676 2638 εἶναι.
1700 2601 1795 2637 Nam
1810 2600 1892 2636 dum
1909 2600 1942 2636 id
1959 2612 2032 2636 mc*

1186 2660 1297 2687 morat
1314 2676 1325 2695 ‚
1352 2651 1475 2697 pariter
1500 2648 1646 2685 declarat
1667 2650 1788 2685 choros
1815 2649 1877 2685 illis
1891 2647 2030 2686 usitatos

1187 2700 1291 2736 fuisse.
1329 2698 1461 2732 Contra
1476 2697 1518 2732 de
1534 2698 1619 2733 festo
1637 2699 1884 2748 AEgyptiorum
1906 2699 2030 2745 prima-

1186 2751 1237 2785 rio
1265 2749 1298 2782 in
1313 2746 1461 2782 Bubasto
1483 2747 1531 2782 ait
1547 2759 1577 2782 c.
1595 2752 1639 2783 60
1665 2761 1721 2783 eos
1744 2745 1894 2789 crotalis,
1919 2746 2030 2793 tibiis,

1186 2806 1308 2841 cantu,
1332 2794 1445 2843 plausu
1462 2808 1644 2841 manuum,
1669 2795 1832 2838 dicteriis,
1855 2793 1958 2839 saltu,
1977 2809 2028 2832 re-

1185 2847 1353 2882 velatione
1375 2844 1534 2880 obscoena
1566 2847 1732 2881 recreari:
1764 2842 1811 2878 nil
1836 2842 1878 2878 de
1903 2844 2029 2881 choris.

1187 2896 1280 2931 Hinc
1299 2905 1332 2942 ἵ,
1349 2897 1405 2934 67.
1442 2894 1488 2928 'roi
1504 2895 1609 2929 πείθω
1627 2898 1700 2929 αύτέ
1723 2894 1896 2937 τῃεγικσῖζι
1913 2897 2028 2942 χοραῖςι

1187 2948 1337 2991 ἐγὲμαξον
1347 2953 1353 2960 ·
1364 2944 1410 2975 τᾶν
1427 2941 1479 2986 μῙῖι)
1498 2943 1628 2989 Διόνυζον
1645 2946 1662 2977 ἐ
1676 2941 1821 2985 rip-fitia,
1831 2941 1851 2973 ‘i’
1861 2942 1878 2986 :j
1890 2944 2029 2988 A’lbffi-oy,

1185 2992 1241 3028 ubi
1259 2991 1343 3027 adde
1358 3001 1461 3038 caput
1480 2990 1534 3038 ὃς.
1588 2991 1667 3025 Hoc
1686 2990 1791 3037 igitur
1808 3001 1911 3035 quum
1932 2990 1970 3026 fit
1988 2992 2027 3027 li-

1185 3040 1326 3089 quidum
1353 3039 1520 3086 specimen
1538 3065 1550 3083 ,
1576 3050 1643 3086 quo
1669 3036 1785 3084 priscae
1813 3037 1891 3072 fidei
1918 3039 2028 3076 codex

1184 3090 1293 3137 arguit
1311 3100 1385 3130 cos,
1396 3089 1450 3134 qui
1467 3100 1507 3122 er
1524 3099 1608 3122 voce
1623 3087 1766 3134 genuina
1781 3093 1875 3134 χορῶν
1887 3086 1982 3122 fimul
1992 3090 2028 3124 in

1184 3137 1316 3175 titulati-i
1333 3136 1530 3174 membranis
1553 3134 1747 3184 scripserunt
1762 3160 1774 3179 ,
1801 3135 1898 3172 fimul
1915 3136 2029 3172 edide-

1949 3195 2033 3221 runt¹
