2112 3621
322 216 407 259 744
612 200 699 242 Ex
753 201 811 242 H,
869 198 1230 242 s‘rsst’rmur
1268 195 1734 242 *PROLEGOMae

330 279 388 317 (ut
404 267 543 305 vicislim
559 269 600 304 ab
617 278 658 304 e‘o
674 269 858 317 plurimum
871 280 926 304 me
934 268 1031 317 diligi
1047 268 1291 310 animadverti)
1307 278 1382 303 tum
1393 281 1475 304 vero
1484 281 1526 303 ex
1543 281 1612 316 quo
1629 268 1735 317 ipsum
1745 276 1881 317 quoque
1891 264 1995 302 vehe-

329 320 435 355 menti
445 331 560 353 amore
572 318 790 353 Herodotum
808 317 993 366 comple&i
1009 317 1244 366 cognovi,illa
1261 327 1354 352 certe
1371 318 1493 352 amoris
1509 319 1543 352 in
1556 315 1996 353 Herodotumnostrumso-

328 370 430 403 cietas
439 393 450 411 ‚
462 367 633 415 pristinam
645 367 735 402 illam
746 368 931 402 amicitiam
942 391 953 411 ‚
963 377 1126 416 quantum
1137 366 1252 414 augeri
1262 366 1376 413 potuit
1385 391 1396 410 ,
1407 375 1539 401 tantum
1549 367 1655 401 auxit.
1673 366 1782 411 Quod
1794 366 1816 401 fi
1828 365 1921 401 le&is
1930 365 1995 400 illis

328 416 515 451 Camemrii
525 416 566 450 de
581 416 763 451 Herodoto
772 415 902 464 scriptis
911 415 1036 463 aliquid
1045 415 1106 450 tibi
1124 416 1191 449 ocii
1208 413 1408 463 superfuerit
1417 440 1428 459 ,
1437 427 1521 449 meae
1533 417 1635 450 etiam
1646 415 1788 450 editioni
1799 415 1934 450 Latinae
1943 415 1994 448 in-

329 465 581 513 terpretationis
592 465 733 513 praefixa
742 466 897 512 quaedam
908 463 926 499 a
936 475 989 498 mc
997 463 1144 512 ejusdcm
1154 464 1346 511 argumenti
1358 464 1524 498 invenies:
1536 464 1570 497 in
1587 464 1709 511 quibus
1725 463 1799 499 fiais
1809 465 1941 511 prolixe
1955 463 1996 504 il-

331 515 369 549 lis
381 513 566 562 respondeo
577 515 633 561 qui
646 514 843 549 mendacem
854 514 917 548 esse
928 512 1147 548 Herodotum
1167 514 1395 546 mentiuntur:
1406 512 1488 546 adeo
1497 522 1534 546 ut
1545 512 1780 559 praefationem
1791 513 1880 548 illam
1892 537 1904 557 ‚
1913 524 1996 560 apo·

331 563 459 612 logiam
472 563 644 598 Herodoti
655 563 732 597 ideo
742 562 984 598 inscribendam
994 561 1190 597 censuerim.
1220 561 1314 596 Inter
1322 561 1383 596 alia
1399 561 1504 595 multa
1514 560 1580 604 ibi,
1589 561 1707 595 miram
1718 562 1807 596 illam
1821 562 1995 596 historiam

331 612 367 646 &
376 624 452 660 quae
462 624 531 660 prae
543 613 662 647 ceteris
671 611 828 647 omnibus
840 611 977 657 judicari
987 609 1134 646 fabulosa
1142 609 1249 658 posset
1257 630 1269 653 5
1279 609 1320 644 de
1331 610 1468 659 Scythis
1477 608 1575 644 servis
1586 609 1645 656 qui
1653 609 1995 645 dominis-absentibus

332 661 368 695 in
377 672 524 695 uxorum
535 661 670 696 illorum
682 660 916 704 poffeffioncm
931 659 1119 694 in'volarant
1127 683 1139 702 ‚
1148 659 1351 706 tandemque
1361 671 1464 707 quum
1473 658 1565 707 justo
1573 658 1700 705 proelio
1708 659 1823 706 repelli
1839 657 1880 692 ab
1888 670 1996 692 arma-

332 710 375 744 tis
384 709 531 744 dominis
548 721 617 744 non
635 709 838 758 potuissent,
848 709 921 744 solis
937 708 1078 757 flagellis
1093 706 1215 755 repulsi
1227 707 1363 743 fuerunt
1374 721 1380 742 :
1393 708 1481 742 illam
1492 707 1628 754 inquam
1639 706 1812 742 historiam
1823 706 1997 742 annalibus

334 758 547 806 posterorum
565 764 576 801 (
586 760 621 793 in
630 759 681 793 his
698 759 787 794 enirn
799 757 834 792 ὃ(
845 757 1077 793 Moschovitae
1086 756 1323 798 numerantur)
1342 756 1496 791 testatam
1514 756 1554 791 ad
1571 756 1662 791 hunc
1672 755 1773 804 usque
1781 755 1871 791 diem
1880 765 1997 791 extare

331 808 442 856 leges:
454 807 597 842 detortis
606 807 769 843 duntaxat
785 814 843 849 (ut
854 806 913 847 fit)
930 805 1099 841 nonnullis
1109 803 1186 838 fasti
1196 804 1453 839 circunstantiis.
1479 805 1592 853 Leges
1601 805 1685 840 item
1693 829 1705 849 ‚
1715 804 1807 852 quod
1816 804 1858 839 de
1868 804 1996 840 Thres-

333 855 374 890 fis
385 854 580 891 mulieribus
590 865 698 892 narrat
708 857 907 891 Herodotus
915 881 927 900 ‚
935 868 987 890 eas
994 852 1235 889 excedentibus
1252 852 1270 887 ἐ
1286 853 1356 887 vita
1366 854 1492 888 maritis
1502 854 1645 889 comites
1654 853 1684 888 se
1693 855 1848 889 certatim
1860 852 1997 898 offen-e,

334 905 637 940 fimililndicarum
654 906 833 940 mulierum
851 904 941 939 faCto
957 904 1073 951 (cujus
1081 901 1179 936 testes
1195 901 1321 936 oculati
1332 901 1646 950 hodiequeextant)
1663 902 1870 938 confirmari.
1897 901 1997 948 Qid

332 954 426 1002 quod
441 954 497 988 illa
514 954 555 988 de
573 953 768 989 mulieribus
777 953 992 1000 Babylonicis
1008 950 1145 986 historia
1153 975 1165 994 ,
1174 962 1249 997 quae
1261 951 1340 985 viris
1348 952 1513 986 extrancis
1522 950 1622 985 semel
1631 952 1667 986 in
1675 952 1745 986 vita
1753 950 1784 986 se
1793 952 1996 1000 prostituere

333 1003 462 1037 necesse
479 1002 829 1047 habebant‚Jeremiae
846 1002 1030 1050 Prophetae
1045 999 1243 1034 testimonio
1258 999 1504 1034 confirmatur?
1530 999 1640 1044 Qod
1655 1010 1768 1035 autem
1783 1000 1823 1035 ad
1839 1000 1996 1049 quasdam

332 1051 375 1086 de
384 1051 481 1086 rebus
490 1051 671 1086 levioribus
680 1050 831 1086 historias
839 1051 960 1086 attinet
968 1074 979 1094 ,
998 1050 1060 1095 (in
1070 1047 1190 1096 quibus
1198 1059 1313 1084 tamen
1321 1061 1390 1083 non
1400 1050 1510 1083 minus
1527 1047 1608 1083 fides
1617 1049 1688 1096 ejus
1702 1047 1848 1096 suspec‘h
1856 1050 1904 1084 est
1915 1053 1928 1094 )
1943 1062 1997 1085 eas

333 1100 375 1135 ab
385 1101 453 1135 aliis
462 1112 598 1147 quoque
607 1099 826 1148 scriptoribus
834 1125 845 1144 ‚
855 1099 971 1134 addito
981 1110 1050 1132 non
1059 1099 1129 1145 ejus
1144 1096 1198 1131 sed
1215 1098 1356 1133 aliorum
1367 1097 1562 1132 testimonio
1571 1122 1583 1141 ‚
1592 1097 1707 1132 referri
1717 1097 1847 1133 scimus.
1873 1097 1995 1147 Cujus—

332 1149 425 1183 modi
437 1149 484 1184 cst
501 1149 593 1196 quod
609 1149 651 1183 de
662 1148 826 1183 Amasidis
842 1149 982 1183 thorace
1000 1146 1088 1194 apud
1104 1146 1196 1180 hunc
1212 1146 1363 1181 nostrum
1380 1147 1579 1181 historicum
1596 1146 1750 1194 legimus.
1775 1145 1816 1181 ab
1832 1147 1892 1182 illo
1901 1148 1994 1183 enim

330 1198 506 1246 proditum
515 1198 849 1246 el't‚t1namquamque
858 1199 928 1243 ejus
936 1196 1123 1243 οἱςπεδόνῑω,
1134 1196 1285 1242 quamvis
1295 1196 1419 1242 alioqui
1430 1200 1516 1229 ε’ἕσουι
1526 1196 1654 1238 moritu),
1662 1194 1810 1230 habuiffe
1818 1196 1853 1231 in
1862 1196 1893 1231 se
1900 1198 1997 1244 afem-

333 1248 594 1288 δέναςτμηκοσίοα
610 1245 633 1283 ἐ
651 1247 782 1288 {zanunim
799 1248 898 1281 micam
910 1243 1065 1290 Φαπεῦἱς.
1091 1245 1139 1279 At
1151 1245 1277 1279 Plinius
1292 1244 1419 1279 nullam
1429 1244 1600 1279 Herodoti
1618 1244 1829 1279 mentionem
1848 1245 1996 1291 faciens,

332 1304 459 1330 certam
470 1305 583 1330 tamen
594 1295 673 1330 huic
685 1296 732 1330 rei
748 1294 851 1329 fidem
863 1293 959 1329 affert
971 1319 983 1338 .‚
999 1305 1104 1341 quum
1120 1294 1167 1328 ita
1181 1293 1295 1329 scribit
1304 1317 1315 1337 ‚
1327 1295 1498 1326 Miremur
1515 1292 1569 1325 hoc
1581 1313 1592 1336 9
1602 1295 1778 1340 ignorantes
1793 1295 1827 1326 in
1838 1297 1996 1342 eAEgypn‘i

330 1344 489 1391 quondam
499 1347 581 1391 regis
599 1349 714 1388 (quem
726 1344 857 1387 Amasin
868 1346 1002 1380 vocam)
1019 1342 1144 1376 thorace
1152 1365 1163 1385 ,
1172 1345 1205 1376 in
1216 1342 1406 1376 Rhodiorum
1418 1342 1517 1386 insula
1529 1340 1645 1382 ostendi
1661 1344 1694 1373 in
1713 1343 1823 1387 templo
1833 1344 1995 1378 Minerva

331 1404 474 1427 CCCLXV
485 1392 684 1438 filisstngula
696 1391 757 1435 fila
773 1390 921 1434 constare.
947 1389 1031 1436 quod
1040 1391 1074 1435 se
1091 1402 1256 1435 expertum
1276 1402 1372 1437 nuper
1393 1393 1492 1423 Roma
1506 1390 1648 1436 prodidit
1664 1391 1840 1423 Matianus
1856 1401 1905 1424 ter
1922 1405 1995 1426 con-

322 1442 393 1486 sul:
414 1441 594 1485 parvasque
605 1451 677 1483 jam
692 1441 846 1484 reliquias
862 1444 928 1483 ejus
935 1439 1103 1484 supereffi,
1121 1439 1182 1472 hac
1198 1441 1426 1485 experientium
1444 1440 1576 1478 injuria.
1602 1436 1919 1488 (Taceoinsignem
1938 1453 1991 1476 er-

328 1501 440 1524 rorem
450 1500 551 1535 quem
561 1489 724 1534 interpres
733 1488 790 1523 hic
800 1487 1013 1523 commiserat
1021 1509 1033 1530 ,
1042 1489 1204 1533 ἁρπεδόνας
1212 1499 1281 1522 non
1291 1488 1352 1530 fila
1361 1486 1415 1521 sed
1425 1489 1604 1520 venationes
1614 1488 1861 1534 interpretatus.
1875 1488 1887 1530 >
1901 1489 1994 1524 Haec

327 1547 395 1585 ego
410 1536 539 1584 aliaque
556 1536 750 1583 hujusmodi
768 1548 904 1571 mecum
920 1544 1079 1584 reputans
1089 1535 1145 1580 ,ἃ
1155 1535 1354 1570 mendacem
1372 1545 1486 1569 tamen
1501 1533 1639 1569 subinde
1648 1536 1762 1569 vocari
1774 1536 1994 1574 Herodotum

327 1585 483 1629 audiens,
499 1585 567 1619 hoc
582 1586 793 1634 epigramma
808 1585 897 1621 inter
912 1583 1120 1619 scribendam
1139 1584 1229 1619 illam
1248 1583 1443 1632 apologiam
1453 1607 1465 1628 ,
1490 1583 1526 1618 in
1541 1582 1803 1619 calumniatores
1821 1584 1894 1620 illos
1909 1585 1992 1631 lufi,

329 1643 487 1682 tanquam
504 1633 612 1683 ipsum
628 1634 851 1670 Herodotum
867 1633 1093 1682 compellans:
1297 1678 1300 1679 ⁷

639 1683 751 1731 Α”φςων
768 1681 796 1721 ὃς
813 1682 938 1727 alifis-{w
955 1698 988 1718 σε
1006 1687 1115 1724 καλεῖ,
1140 1681 1182 1718 ὅτι
1200 1679 1331 1721 πόῖἷθέἶοις
1351 1681 1437 1718 εἶλλε.

689 1734 742 1771 Καὶ
760 1737 792 1768 τί
805 1734 837 1779 ᾧ
854 1736 876 1766 εἰ
893 1732 1019 1775 dud-55&
1040 1731 1174 1774 ψόἶῖδεἾΜ
1196 1731 1223 1769 ἴς
1240 1748 1271 1767 σε
1291 1737 1402 1774 καλεῖς

636 1789 667 1817 Εἰ
685 1782 703 1829 ἂ
720 1781 849 1818 παλαιαὶ
863 1784 940 1827 λὲγέ
956 1784 1126 1821 &Samira
1145 1781 1233 1818 αότός
1251 1780 1365 1826 azymon
1377 1807 1386 1822 ‚

686 1831 800 1878 Α”φςων
820 1828 843 1867 Q
861 1829 975 1873 ψόῖ-ἷςης
996 1831 1079 1866 &Cede
1096 1833 1212 1865 imm
1229 1830 1289 1865 ἐάν.

327 1878 423 1915 Huic
431 1890 524 1916 certe
534 1876 741 1929 potissimum
752 1880 906 1928 scriptori
917 1879 950 1914 id
959 1879 1083 1914 accidit
1093 1878 1186 1927 quod
1194 1891 1264 1926 prae
1273 1879 1393 1927 quovis
1410 1878 1476 1914 alio
1487 1878 1639 1915 metuiffe
1648 1877 1802 1914 videmus
1809 1905 1821 1924 ‚
1831 1879 1992 1916 nimirum

329 1941 372 1963 ne
380 1929 548 1965 mendacis
564 1929 582 1965 a
600 1929 739 1978 posteris
750 1941 875 1964 nomen
890 1930 1071 1977 acciperet.
1096 1928 1163 1963 Sed
1174 1927 1196 1962 fi
1207 1939 1421 1976 quaecunque
1437 1928 1648 1964 incredibilia
1662 1927 1823 1964 videntur
1840 1929 1942 1974 (dum
1953 1941 1992 1964 ea

327 1978 536 2024 experientia
551 1979 662 2014 nostra
676 1978 731 2013 vel
748 1977 838 2013 sensu
855 1977 969 2013 nostro
988 1977 1055 2013 five
1073 1977 1201 2026 ingenii
1218 1987 1320 2025 captu
1336 1977 1517 2019 metimur)
1536 1976 1702 2012 mendacii
1719 1976 1992 2013 infimulandaes-

327 2026 418 2070 sent,
429 2039 530 2073 quam
548 2028 655 2063 multa
670 2028 704 2061 in
720 2025 816 2062 sacris
833 2026 1086 2074 historiis,quae
1104 2036 1174 2061 tam
1191 2036 1294 2061 certae
1317 2024 1392 2060 sunt
1408 2024 1510 2070 fidei,
1521 2025 1686 2061 mendacii
1696 2024 1991 2061 insimularentur?

327 2078 442 2115 Quem
452 2083 565 2111 autern
574 2076 697 2112 librum
709 2076 784 2124 post
793 2074 1013 2112 sacrosamstos
1029 2075 1103 2110 illos
1117 2074 1278 2110 habemus
1293 2075 1327 2109 in
1336 2086 1405 2121 quo
1420 2086 1471 2109 res
1480 2074 1564 2110 adeo
1574 2085 1709 2123 magnae
1717 2085 1990 2109 commemoren-

327 2122 404 2159 tur?
415 2123 449 2157 in
459 2136 527 2170 quo
537 2125 761 2172 providentiae
771 2125 1004 2173 potentiaeque
1013 2124 1138 2159 divinae
1147 2149 1157 2166 ‚
1166 2136 1242 2170 quae
1259 2122 1417 2171 superbos
1427 2122 1672 2169 deprimit‚tot
1681 2133 1817 2169 tamque
1834 2121 1989 2158 luculen-

329 2181 364 2207 ta
371 2172 527 2219 exempla
536 2172 805 2220 conspiciantur?
814 2173 871 2208 ubi
885 2185 1006 2222 regum
1016 2197 1027 2218 ‚
1036 2172 1346 2221 potentissimorum
1355 2171 1481 2219 alioqui
1500 2176 1512 2217 (
1521 2183 1667 2219 quorum
1676 2170 1712 2205 δί
1720 2171 1788 2218 ipse
1799 2170 1988 2219 superbiam

327 2233 366 2255 ac
375 2218 538 2256 vesaniam
549 2221 645 2256 nobis
659 2231 736 2256 a-nte
746 2222 863 2257 oculos
878 2222 964 2270 saepe
974 2222 1092 2270 ponit)
1111 2232 1362 2269 regnorumque
1371 2219 1455 2255 adeo
1464 2220 1641 2255 horrendae
1650 2213 1838 2255 eversiones
1853 2231 1989 2255 narren-

329 2278 386 2304 tur
397 2269 410 2304 ?
420 2269 508 2314 Quis
518 2269 565 2304 est
576 2282 618 2305 ex
629 2282 697 2318 quo
710 2271 833 2305 certius
848 2270 935 2306 sacra
950 2270 1176 2318 chronologia
1184 2282 1263 2305 cum
1273 2268 1419 2317 profanis
1429 2269 1574 2304 historiis
1584 2268 1757 2303 conciliari
1768 2267 1866 2316 possit
1876 2268 1893 2303 ἓ
1915 2267 1989 2303 Ad-

327 2318 373 2352 do
383 2319 484 2353 etiam
503 2318 616 2366 (quod
626 2318 678 2353 vel
689 2320 836 2354 maxime
845 2319 1084 2355 commendare
1102 2318 1200 2354 nobis
1215 2320 1307 2354 hunc
1323 2317 1520 2365 scriptorem
1537 2316 1659 2359 debet>
1676 2318 1733 2365 qui
1750 2317 1936 2366 religiosius
1944 2317 1987 2352 de

327 2364 441 2402 divina
450 2367 663 2415 providentia
673 2367 708 2403 &
718 2367 855 2415 quidem
866 2368 961 2403 valde
978 2367 1139 2403 similibus
1148 2367 1256 2402 verbis
1265 2391 1276 2411 ‚
1284 2366 1456 2401 interdum
1466 2368 1566 2402 etiam
1586 2365 1700 2400 iisdem
1709 2390 1721 2410 5
1730 2365 1910 2413 loquatur?
1934 2368 1989 2402 O-

327 2417 449 2460 mitto,
464 2415 561 2463 prisci
578 2417 665 2451 illius
680 2415 793 2451 saeculi
810 2415 1060 2464 simplicitatem
1073 2441 1084 2461 ,
1093 2416 1127 2451 &
1138 2416 1267 2451 humile
1284 2416 1339 2462 (in
1348 2414 1542 2463 quibusdam
1552 2415 1653 2450 etiam
1664 2413 1819 2462 regibus)
1836 2415 1917 2450 vitae
1927 2426 1988 2464 ge—

325 2476 386 2499 nus
402 2464 523 2500 eodem
540 2465 637 2500 nobis
653 2465 759 2500 modo
777 2464 959 2513 utrobique
975 2464 1128 2500 describi.
1155 2465 1296 2501 Omitto
1314 2464 1349 2499 δε
1368 2465 1592 2506 hoc‚nullum
1610 2462 1746 2511 usquam
1764 2473 1879 2498 extare
1896 2465 1986 2512 apud

326 2514 471 2548 Graecos
483 2523 616 2549 autores
624 2513 788 2549 scribendi
802 2522 927 2563 genus,
936 2514 1028 2562 quod
1047 2516 1105 2558 (ut
1122 2515 1156 2548 in
1167 2515 1309 2548 omnino
1317 2512 1442 2548 diversa
1458 2512 1592 2561 lingua)
1608 2513 1649 2547 ad
1659 2510 1823 2547 Hebraici
1841 2512 1988 2548 brevita-

326 2572 396 2597 tem
414 2562 732 2611 simplicitatemque
752 2563 859 2612 magis
873 2563 1022 2599 accedat.
1050 2563 1170 2598 Nemo
1185 2572 1277 2598 certe
1292 2560 1340 2596 est
1356 2562 1413 2608 qui
1431 2573 1536 2608 quum
1556 2560 1641 2610 legit
1657 2560 1747 2608 apud
1764 2561 1986 2597 Herodotum

324 2611 412 2646 hanc
421 2610 674 2659 inscriptionem
684 2637 695 2656 ‚
708 2614 835 2655 Amafis
845 2613 1001 2659 Polycrati
1019 2614 1067 2645 ita
1084 2611 1165 2645 dicit
1177 2627 1187 2645 .·
1199 2612 1280 2646 item
1290 2635 1301 2654 ,
1311 2609 1507 2643 Mardonius
1518 2610 1577 2643 haec
1585 2612 1667 2644 dicit
1678 2625 1688 2643 .-
1698 2622 1767 2644 non
1779 2607 1877 2657 pofiit
1886 2607 1986 2644 ufita-

325 2669 398 2695 tum
411 2661 586 2707 prophetis
603 2660 789 2708 praescrtim
808 2660 929 2708 stylum
945 2660 1146 2710 agnoscere,
1161 2663 1234 2694 Hac
1243 2661 1323 2692 dicit
1334 2661 1493 2691 Dominus
1503 2660 1602 2694 Deus.
1630 2658 1749 2693 Nemo
1766 2657 1814 2692 est
1829 2657 1911 2691 item
1927 2658 1986 2704 qui

324 2720 429 2754 quum
439 2708 659 2744 Herodotum
670 2710 716 2745 ita
726 2709 916 2744 ordientem
925 2709 1014 2745 suam
1028 2709 1201 2745 historiam
1217 2707 1309 2743 audit
1320 2731 1332 2750 ‚
1344 2707 1495 2740 Herodoti
1506 2708 1742 2752 Halicarnaffei
1750 2704 1875 2748 historia
1888 2705 1986 2739 editio

323 2756 400 2790 haec:
426 2757 468 2792 de
484 2770 548 2808 qua
568 2758 848 2805 interpretatione
865 2758 944 2794 alibi
961 2758 1145 2794 dicendum
1163 2758 1246 2798 erit)
1265 2755 1370 2790 fimile
1381 2755 1445 2790 effe
1461 2756 1528 2791 hoc
1540 2755 1645 2791 Esaiae
1657 2753 1834 2790 exordium
1849 2753 1986 2801 fassurus

323 2816 392 2839 non
410 2805 470 2849 sit,
481 2808 559 2848 V¹fi⁰
571 2807 661 2852 Eshiae
669 2806 737 2850 filii
747 2807 862 2840 Amos.
891 2807 972 2842 Nec
989 2820 1058 2842 non
1075 2806 1163 2842 istud
1175 2803 1839 2852 je1·emiae,VerbaJeremiaefitiiHelciae.
1864 2801 1933 2837 Cui
1944 2802 1985 2838 sl-

323 2852 404 2888 mile
412 2853 459 2888 est
469 2855 609 2890 omnino
618 2855 705 2902 apud
716 2856 920 2903 prophetam
931 2856 1038 2891 Amos
1047 2881 1059 2900 ‚
1067 2855 1173 2889 Verba
1189 2857 1298 2887 Amas.

367 2901 444 2946 Jam
462 2914 542 2935 vero
558 2904 650 2949 quod
665 2904 705 2938 ad
716 2905 910 2940 Homerum
927 2905 1050 2940 attinet
1066 2908 1125 2950 (ut
1141 2903 1160 2938 a
1175 2902 1270 2938 sacris
1288 2901 1328 2936 ad
1347 2900 1486 2949 profana
1498 2903 1687 2938 veniamus)
1706 2897 1851 2946 quisquis
1866 2894 1986 2934 leffio-

323 2950 372 2984 nis
383 2949 468 2984 illius
478 2949 636 2985 studiosus
652 2952 767 2995 est,ad
785 2965 857 2986 eam
876 2951 1031 2998 profe&o
1052 2964 1161 3000 neque
1178 2951 1284 3000 magis
1299 2962 1375 2985 com
1390 2949 1584 2985 wendiariam
1603 2960 1710 2995 neque
1727 2949 1832 2996 magis
1846 2948 1988 2996 expedi-

322 3008 391 3033 tam
402 2998 620 3044 viam,quam
638 3000 729 3034 hunc
747 3009 899 3034 autorem
918 3001 1185 3047 pervolutando,
1196 2999 1337 3034 sternere
1356 2962 1415 3031 sibi
1432 2999 1631 3044 potcst:nec
1641 2995 1773 3031 aliunde
1783 2995 1900 3031 melius
1909 3009 1988 3045 quae

321 3046 411 3093 apud
423 3046 617 3081 Homerum
632 3048 748 3081 Ionica
759 3047 821 3082 sint
831 3073 841 3091 ,
852 3047 886 3082 &
896 3060 972 3095 quae
981 3061 1050 3083 non
1060 3059 1128 3085 tam
1140 3049 1256 3083 Ionica
1265 3059 1364 3094 quam
1375 3047 1510 3093 poetica
1518 3071 1529 3089 ,
1539 3043 1755 3095 cognoscere.
1780 3043 1863 3080 adeo
1874 3055 1913 3080 ut
1928 3046 1986 3092 qui

321 3094 360 3130 sit
373 3094 557 3142 φιλέμηςςῷ·
566 3120 577 3140 ‚
588 3108 664 3131 cum
675 3096 737 3131 csse
749 3096 850 3132 ctiam
863 3097 1049 3144 Qenngddffloi·
1061 3124 1069 3140 ,
1081 3097 1201 3133 rationi
1212 3094 1469 3132 consentancum
1482 3093 1532 3129 iit.
1887 3096 1989 3130 ΛΕΞΧ·
