2112 3621
430 202 994 251 CHRONOLOGIA
1049 202 1466 251 HERODOTI.

1693 218 1772 261 757

138 293 259 354 Anno·
501 292 835 334 PERSARU
853 292 913 331 Μ·

121 347 257 456 {iffi
324 358 928 435 -gffesffiwfifflffize
952 395 986 432 7-
1004 392 1088 435 pag·

327 448 415 488 199.

376 505 411 530 2.
439 491 580 532 Xerxes
600 493 785 546 AEgypto
797 522 805 536 ‚
822 504 901 546 quae
916 499 999 530 ante
1019 492 1085 529 tri-

319 547 463 585 ennium
477 546 656 599 defecerat
665 576 676 593 ‚
689 550 733 585 vi
751 554 964 600 recuperatae
976 574 986 591 ,
996 554 1086 597 prae-

308 599 396 652 ficit
405 600 829 655 Achaemenemfratrem
839 630 850 647 ‚
861 615 921 655 qui
938 601 1009 655 post
1022 614 1087 639 an-

319 668 380 695 nos
398 670 449 696 20
464 659 508 696 ab
519 656 629 695 Inaro
648 669 728 710 rege
746 654 868 705 Libyae
879 684 890 702 ‚
905 656 952 701 ὠ
969 656 1087 696 Athe-

319 711 492 764 nienfibus
516 711 726 764 inteifeetus
747 712 826 764 est,
862 709 917 750 lib.
950 724 984 765 7.
1004 722 1086 766 pag.

323 780 416 805 200.
434 765 481 809 ὠ
495 765 552 806 lib.
569 777 691 820 3.pag.
711 768 770 814 85.
791 765 929 807 Herod.

377 834 412 873 3.
445 820 709 874 Sapientiffima
730 821 955 862 Deliberatio
974 822 1011 860 in
1027 818 1087 874 se-

318 883 408 915 natu
421 874 539 930 Regni
553 876 752 929 Persarum
773 876 899 916 habita
915 906 926 924 ,
943 875 985 916 de
1001 875 1088 916 bello

295 950 297 952 ·
318 929 459 970 Gracis
480 926 685 985 inferendo,
706 945 816 986 quam
833 931 993 986 describit
1011 930 1089 971 He-

317 984 392 1024 rod.
404 984 461 1025 lib.
477 998 552 1040 7.p.
571 1001 667 1034 200,
682 1002 732 1026 20
744 1001 778 1033 1,
793 1000 1086 1039 202,203‚204.

371 1039 528 1081 Decreto
562 1042 649 1082 bello
682 1044 863 1095 integrum
896 1040 1089 1095 quadrien-

320 1096 420 1135 nium
438 1098 476 1136 in
497 1106 672 1151 apparatu
684 1095 779 1140 belli,
799 1096 847 1141 (ἐν
859 1095 1089 1150 perfodiendo

322 1160 437 1191 monte
449 1152 555 1192 Atho
570 1181 580 1198 ,
601 1151 771 1206 consumit
784 1179 796 1197 ,
817 1162 901 1205 pag.
918 1167 934 1190 2
944 1166 1011 1203 04.

375 1210 410 1246 6.
444 1209 584 1247 Xerxes
601 1220 681 1246 cum
701 1214 859 1246 exercitu
875 1205 1025 1260 pedestri
1044 1217 1089 1245 ex

321 1259 543 1315 Cappadocia
554 1275 715 1309 movens,
730 1259 779 1300 ad
787 1261 962 1314 Pythium
972 1261 1090 1315 Phry-

312 1316 387 1368 giae
398 1317 453 1356 Re
479 1330 534 1356 em
546 1315 837 1371 opulentiffimum
848 1318 1005 1358 divertit
1018 1345 1029 1363 ,
1042 1315 1090 1360 dr

136 1363 213 1417 348
221 1374 240 1416 3
311 1379 380 1423 per
398 1371 449 1411 Co
463 1370 550 1425 offas
573 1374 700 1412 itinere
712 1371 843 1426 facta,
872 1373 978 1412 venit
998 1372 1088 1412 Sar-

316 1423 379 1464 des
390 1453 402 1472 ,
415 1428 475 1467 ubi
487 1439 551 1482 per
566 1427 725 1482 hyemem
744 1435 1000 1473 commoratur,
1006 1439 1089 1480 pag.

320 1494 394 1529 205
407 1509 417 1527 ‚
431 1497 448 1521 2
457 1498 482 1521 0
491 1496 525 1534 7.

372 1534 516 1576 Interea
538 1537 654 1575 mittit
674 1535 808 1589 legatos
831 1537 869 1574 in
890 1535 1088 1581 Graeci'am,

314 1598 471 1688 {gtentes
491 1599 629 1631 terram
653 1589 701 1634 ὢν
720 1603 873 1644 aquam,
891 1601 972 1646 pag.
994 1592 1087 1631 206.

385 1659 404 1683 2
415 1659 431 1684 2
439 1661 474 1686 0.

372 1698 428 1739 Et
457 1699 724 1755 Hellespontum
758 1699 923 1754 pontibus
948 1702 1087 1756 jungi,

321 1751 368 1798 ὦ
378 1755 514 1810 flagris
535 1755 622 1796 caedi
634 1784 646 1802 ,
667 1754 714 1800 ὠ
727 1757 823 1796 mari
841 1755 1018 1809 compedes
1033 1769 1087 1795 in·

293 1834 296 1861 f
305 1811 378 1865 jici
397 1812 522 1863 jubet,
545 1822 626 1865 pag.
646 1812 736 1850 206.

376 1878 410 1916 7.
440 1868 580 1907 Xerxes
600 1867 718 1920 primo
739 1877 826 1905 vere
848 1878 894 1905 ex
917 1864 1088 1905 Sardibus

319 1928 450 1966 movet,
461 1933 542 1975 pag.
558 1935 575 1960 2
584 1936 607 1960 0
617 1934 637 1972 7
644 1950 653 1960 .
666 1920 714 1965 όν
725 1918 849 1974 Abydi
857 1928 974 1960 totum
986 1933 1088 1960 exer-

319 1976 431 2015 citum
441 2006 451 2023 ,
464 1973 633 2015 navalem
644 1974 692 2020 ὅ)
707 1976 907 2027 terrestrem
921 2003 933 2021 ,
944 1988 990 2015 ex
999 1974 1090 2029 sub-

318 2028 395 2068 limi
417 2031 623 2086 conspiciens
643 2030 844 2086 lachrymat
865 2059 877 2077 ‚
905 2029 1000 2084 quod
1016 2032 1090 2084 pest

318 2095 459 2125 centum
476 2099 586 2126 annos
604 2098 704 2125 nemo
724 2094 770 2125 ex
792 2093 863 2125 toto
887 2085 946 2125 illo
963 2099 1087 2126 nume-

317 2154 358 2183 ro
364 2141 540 2196 fiiperstes
548 2139 709 2194 fleturus
726 2139 817 2193 esset.
835 2151 869 2195 p.
889 2143 980 2181 208.

369 2195 499 2250 Postea
523 2195 791 2249 Hellespontum
817 2195 947 2248 traifit
976 2194 999 2248 ζ
1005 2206 1086 2251 pag.

319 2252 434 2304 210.)
464 2251 512 2296 &¹
534 2265 573 2290 in
594 2249 744 2304 Dorisco
766 2250 930 2291 Thracia
947 2249 1087 2298 littore,

316 2309 364 2350 ad
386 2306 510 2359 ostium
533 2306 651 2347 Hebri
672 2333 684 2353 ‚
711 2305 922 2359 universum
952 2309 1088 2346 exerci-

317 2373 396 2404 tum
415 2370 583 2402 numerat
594 2390 604 2407 ‚
615 2361 726 2415 usque
737 2360 785 2400 ad
797 2371 877 2414 pag.
895 2376 912 2400 2
927 2374 940 2399 1
953 2373 986 2412 7.
999 2359 1086 2401 Fue·

317 2426 406 2460 runt
433 2425 555 2456 autem
592 2429 628 2455 eo
664 2424 816 2471 tempore
853 2418 891 2454 in
929 2424 1087 2456 exercitu

319 2475 454 2514 Xerxis
476 2471 651 2512 Homines
675 2485 721 2524 33
736 2487 748 2510 ι
760 2485 808 2522 79
818 2486 832 2509 2
843 2485 880 2509 0.

372 2526 557 2579 Tlranstens
600 2534 720 2565 autem
765 2537 828 2579 per
863 2524 1059 2568 ‘Thraciam
1073 2555 1084 2574 ,

320 2582 571 2622 Macedoniam
581 2609 592 2628 ,
620 2580 835 2635 Thessaliam
863 2580 971 2635 (pag.
989 2596 1008 2621 2
1021 2596 1035 2621 1
1048 2597 1085 2634 7,

324 2652 343 2677 2
358 2652 419 2690 ιι),
445 2634 570 2689 233.)
599 2637 743 2676 tandem
766 2637 813 2676 ad
837 2637 1086 2692 Thermopy-

319 2692 371 2732 las
383 2720 395 2739 ,
411 2699 581 2731 trecentos
604 2691 888 2731 Lacedaemonios
908 2705 982 2730 una
1004 2704 1085 2731 cum

318 2761 398 2802 rege
411 2748 585 2787 Leonidc
597 2746 763 2786 trucidat.
783 2757 865 2801 pag.
884 2761 901 2786 z
911 2759 928 2799 3
937 2748 976 2792 6,
989 2760 1007 2785 2
1019 2763 1035 2799 3
1049 2760 1084 2798 7.

318 2804 483 2857 Tempore
514 2801 662 2855 Solstitii
691 2802 810 2855 aestivi
834 2829 845 2847 ‚
875 2815 943 2856 quo
962 2800 1087 2858 Olym-

312 2861 392 2913 pias
416 2872 460 2908 75
489 2858 603 2912 mense
625 2857 750 2903 Maio,
780 2865 844 2896 aut
860 2856 975 2908 Junio
998 2856 1084 2898 cele-

317 2913 502 2953 brabatur.
527 2922 607 2967 pag.
625 2927 642 2951 2
653 2926 719 2964 34,
736 2927 825 2965 ²44·

371 2968 460 3009 Inde
473 2967 644 3022 progreffi
657 2967 777 3022 Persie
794 2978 856 3020 per
868 2965 1084 3008 Phocaicam

316 3023 337 3064 ιὶ
367 3023 508 3078 Templo
541 3021 712 3077 Delphico
731 3021 949 3078 fulminibus
977 3021 1084 3079 depel-

315 3078 444 3120 luntur
457 3105 471 3127 ,
498 3077 557 3120 lib.
575 3080 610 3119 8.
629 3088 711 3133 pag.
728 3090 823 3132 245,
843 3077 932 3129 246.

135 1870 246 1926 3484-

133 2307 244 2364 3484

1109 3128 1110 3133 ¹
1139 3078 1276 3120 Herod.
1284 3089 1364 3135 pag.
1381 3092 1399 3116 2
1410 3092 1427 3115 2
1439 3089 1459 3128 7
1468 3104 1476 3119 ‚
1496 3089 1513 3113 2
1526 3089 1542 3113 2
1553 3077 1588 3114 8.
1604 3073 1736 3125 scribit.

1294 276 1624 336 GRAEclAE.

1145 362 1171 366 .-
1235 361 1549 369 -—.—-—.—.
1569 361 1596 370 ..ν
1669 359 1771 369 a*
1721 359 1724 361 ·

1156 1038 1160 1042 η
1200 981 1379 1036 Aristides
1400 985 1444 1025 ab
1462 987 1617 1041 ingratis
1635 983 1773 1029 civibus

1146 1051 1185 1077 in
1210 1040 1359 1079 exilium
1379 1041 1521 1098 ejectus.

1201 1370 1330 1411 Graeci
1364 1372 1492 1412 audita
1510 1370 1623 1425 fama
1655 1375 1775 1413 immia

1146 1435 1264 1464 nentis
1300 1423 1414 1470 belli,
1453 1439 1570 1466 omnes
1603 1432 1775 1480 privatas

1133 1479 1344 1531 fimultates
1365 1479 1540 1521 oblivione
1561 1481 1681 1522 delent
1694 1510 1706 1528 ‚
1725 1484 1774 1528 ὀ·

1145 1536 1380 1590 ουγκξηῖισμῷ
1419 1534 1527 1589 fafflo
1564 1564 1576 1582 ,
1621 1546 1775 1577 mittunt

1146 1590 1303 1643 Legatos
1326 1617 1337 1635 ‚
1363 1598 1519 1645 petentes
1548 1590 1726 1632 auxilium
1749 1593 1771 1631 ax

1143 1644 1276 1685 Getone
1303 1644 1563 1701 Syracusarum
1594 1647 1692 1700 Rege
1713 1676 1724 1693 ‚
1751 1647 1773 1686 ιὲ

1144 1700 1370 1754 Cretenssbus
1379 1729 1391 1748 ‚
1407 1700 1455 1745 (ὢν
1468 1700 1672 1755 Corcyrais.
1686 1713 1769 1757 pag.

1145 1767 1239 1807 ²²3·

1193 1919 1440 1976 Themistocles
1458 1921 1717 1976 interpretatur
1736 1931 1771 1962 (1-Δ

1143 1977 1308 2017 raculum
1329 1978 1372 2018 dc
1394 1978 1508 2016 muris
1528 1975 1661 2031 ligneis.
1687 1988 1769 2031 pag.

1147 2047 1163 2071 z
1175 2046 1194 2071 2
1205 2046 1222 2071 2
1231 2060 1242 2078 ,
1259 2046 1276 2071 2
1290 2047 1307 2073 2
1317 2046 1350 2085 3.

1220 2195 1476 2238 Decreveruut
1532 2194 1673 2237 aditum
1723 2195 1772 2236 ad

1143 2251 1393 2307 Thermopylas
1414 2249 1699 2304 custodiendum,
1720 2251 1769 2296 (sy

1142 2306 1280 2360 claffi’m
1297 2307 1345 2347 ad
1363 2305 1602 2358 Artemistum
1621 2309 1770 2346 mitten-

1141 2361 1226 2402 dam
1260 2361 1324 2416 effe
1368 2362 1480 2417 (pag.
1513 2374 1608 2412 229,
1639 2360 1767 2414 230.)

1143 2418 1205 2458 ubi
1239 2416 1426 2471 resciscunt
1464 2415 1604 2470 claffem
1633 2416 1770 2457 Xerxis

1141 2472 1190 2513 ad
1218 2471 1442 2527 Magneſsam
1473 2469 1666 2524 naufragio
1696 2471 1768 2511 ais-

1137 2529 1273 2584 jec‘i'am
1293 2526 1368 2580 effe.
1390 2537 1474 2581 pag.
1492 2540 1510 2565 2
1522 2540 1539 2577 3
1550 2540 1582 2564 2.

1193 2584 1321 2623 Gelon
1341 2580 1644 2637 Syracusanorum
1657 2581 1741 2620 Rex
1754 2603 1766 2626 Ξ.

1129 2638 1259 2694 frater
1269 2639 1454 2678 Hieronis
1473 2635 1544 2690 (ad
1553 2648 1658 2689 quem
1675 2634 1767 2674 mul,

1141 2703 1187 2733 tae
1196 2694 1354 2734 Pindari
1363 2691 1455 2733 Odae
1466 2689 1632 2742 extant.)
1644 2689 1767 2730 Amil-

1139 2762 1257 2788 carem
1293 2743 1614 2801 Carthaginensem
1641 2744 1767 2785 ducem

1140 2803 1188 2843 ad
1206 2802 1400 2842 Himeram
1419 2815 1501 2842 cum
1523 2814 1659 2853 30000
1684 2808 1766 2839 tru-

1140 2859 1236 2899 cidat
1257 2857 1378 2898 eadem
1397 2855 1476 2902 die,
1493 2868 1565 2909 qua
1582 2854 1631 2895 ad
1650 2855 1763 2895 Ther-

1139 2912 1292 2968 mopylas
1318 2920 1386 2960 (ut
1409 2910 1593 2951 Diodorus
1624 2910 1766 2949 Siculus

1138 2968 1196 3008 lib.
1225 2981 1239 3006 1
1256 2982 1268 3006 1
1307 2964 1492 3019 testatur)
1528 2963 1591 3004 vel
1618 2977 1688 3018 qua
1716 2962 1765 3003 ad

1138 3021 1358 3063 Salaminem
1384 3022 1595 3063 dimicatum
1622 3019 1669 3062 est
1682 3046 1693 3064 ‚
1721 3025 1763 3057 ut

1673 3127 1764 3167 Axima·

1298 3135 1473 3173 Ccccc
1505 3142 1523 3181 3
