2112 3621
237 207 318 263 908

237 269 454 321 speetantem.
482 265 529 301 Et
540 266 661 300 Portus
677 264 758 298 hinc
773 265 852 306 0125qu
868 258 1022 309 jactitare
1033 269 1095 304 po-

240 323 307 357 tuit
324 317 466 354 verbum
483 314 675 357 Herodoti,
701 323 806 359 quum
825 312 851 345 is
865 307 1021 344 debuerit
1035 304 1096 340 sci-

241 383 277 406 re
295 369 352 404 lib.
377 379 388 402 1
421 377 494 413 cap.
519 368 584 412 136
609 372 790 398 occurrere
813 362 968 406 μηδεμίαν
992 354 1098 398 ὀίσῐω,

242 416 404 453 diversam
421 414 495 450 sane
510 414 552 449 ab
571 413 641 453 ἄτη.
668 412 787 458 Itaque
801 410 836 448 in
852 409 921 443 hoc
937 406 1015 441 loco
1027 405 1099 439 He·

243 466 358 502 rodoti
376 462 561 500 exhibebat
578 461 688 497 codex
711 459 861 507 optimus
877 454 990 494 Mein.
1007 464 1045 489 ut
1060 454 1100 488 li-

245 526 321 551 ceat
338 515 406 550 hoc
423 512 620 560 exemplum
647 519 818 558 apponere
844 507 928 541 locis
944 504 1101 546 illorum,

246 577 330 613 quos
350 563 467 600 Graeci
483 561 641 597 sermonis
660 561 773 594 Patres
789 554 1022 604 agnoscimus,
1048 552 1101 587 vel

245 617 279 649 H‘
293 617 347 662 μὲν
366 615 527 660 τὀίζομὲνη
547 616 633 645 nam
649 636 659 651 ,
675 609 731 643 vel
749 606 860 653 yivocla
879 601 1077 649 celffl&dffl.

297 667 377 708 176,
389 672 444 708 ις.
473 665 580 695 Ε’ποίεε
596 656 703 703 τάδε]
734 656 811 692 MS.
828 654 944 689 τοιοίδε.

302 716 382 756 176,
394 721 450 755 27.
478 712 657 754 Α’νσιγοιγεῖιν
676 702 853 749 ὸκὲλώσί.]
873 698 1106 741 Μ5.ἆ,ιὲλόὐε,

249 762 412 799 nimirum
428 768 466 793 ut
483 757 586 793 modo
606 757 694 791 dixit
711 759 819 790 ἐποίεε.

303 814 383 857 176,
392 820 449 855 49.
475 804 725 854 Kexagnno‘rec]
752 803 805 838 Ut
823 799 940 836 similia
957 798 1026 833 duo
1044 808 1103 830 ex-

250 859 364 908 empla
378 858 446 893 huc
462 856 597 892 confert
614 857 755 896 Portus,
773 850 836 886 etsi
851 849 982 884 exstent
997 847 1101 894 plura.

250 910 417 945 Attamen
434 918 495 944 cur
519 903 688 940 tacebitur
713 902 779 950 legi
808 901 841 934 in
867 899 1002 945 optimo
1023 894 1102 930 MS.

250 955 455 1006 κεχαςηᾶτεςῗ
473 954 564 1002 quod
580 953 716 1000 quidem
736 948 873 998 perinde
888 948 1031 982 bonum.
1058 942 1106 976 Et

253 1018 293 1043 ut
319 1019 389 1042 non
413 1002 613 1051 displicuisse
646 1008 757 1048 pateat
790 997 944 1043 scriptori
970 992 1106 1034 nostro,

252 1057 355 1091 etiam
373 1053 429 1088 lib.
445 1063 470 1097 4
485 1063 558 1098 cap.
581 1062 623 1097 14
638 1049 742 1084 habet
761 1049 901 1088 τεθνηὼς,
923 1043 983 1078 ubi
1000 1040 1107 1089 vulgo

254 1103 415 1144 τκθνηκῶς.

307 1152 431 1200 177,8.
458 1148 512 1187 Καὶ
527 1149 570 1184 ἔτι
587 1151 621 1184 ὥς
638 1145 696 1183 <nbc
714 1144 777 1192 ein]
807 1143 885 1178 MS.
904 1146 927 1192 ᾗ
942 1141 983 1176 ἔτι
997 1138 1053 1174 σίν.
1067 1135 1109 1173 εὖ.

254 1203 302 1238 Et
319 1200 401 1250 quid
425 1197 524 1234 affert
546 1197 668 1233 vocula
692 1199 728 1232 ὠς
745 1221 755 1235 ,
783 1204 884 1241 quam
901 1190 1024 1225 merito
1049 1199 1109 1222 ex-

256 1251 352 1300 pellit
368 1249 453 1285 liber
467 1245 640 1294 optimus?

308 1310 389 1346 177,
404 1296 455 1332 18.
482 1294 619 1341 Πέμψας
638 1292 656 1339 ᾖ
673 1290 788 1338 κη’ςυκκ
805 1289 901 1336 λάθρη
918 1291 1035 1332 Σωμίων
1050 1292 1108 1319 Πο-

256 1345 449 1394 λυκϋέτηᾳ]
486 1343 593 1389 Qafi
618 1354 700 1377 vero
726 1339 916 1387 periculum
942 1336 1044 1380 esset,
1069 1342 1109 1367 ut

256 1399 450 1433 crederetur
474 1403 632 1441 tyrannus
665 1392 699 1424 in
726 1386 951 1436 legationibus
974 1385 1010 1418 ὅ(
1035 1383 1108 1430 qui-

257 1448 334 1482 dem
354 1444 474 1480 talibus
501 1439 675 1475 mittendis
693 1436 766 1470 usus
782 1435 876 1469 suill'e
893 1433 1035 1468 consilio
1052 1439 1109 1464 aut

255 1493 459 1531 conscientia
474 1500 592 1523 eorum
603 1512 614 1531 ‚
636 1498 720 1534 quos
735 1483 961 1532 oppresserat,
988 1480 1110 1514 ideone

257 1543 374 1579 debuit
401 1540 446 1574 fic
472 1549 590 1572 cavere
615 1532 859 1583 praemonendo
886 1529 1110 1571 Herodotus,

258 1593 293 1627 δί
311 1603 379 1626 non
396 1586 532 1637 quisquc
547 1585 644 1621 facile
660 1582 842 1631 suspicetur
861 1580 873 1614 ?
899 1579 991 1614 Vide
1007 1578 1112 1627 igitur

257 1640 383 1690 aliquid
398 1637 538 1685 insigne.
572 1635 668 1670 Nam
687 1632 840 1680 optimus
863 1629 919 1664 ille
939 1628 1016 1663 MS.
1037 1637 1110 1661 tan-

257 1702 332 1726 tum
355 1688 457 1724 habet
481 1685 679 1729 Hoaungjc'rm
699 1683 717 1727 5
736 1681 865 1727 πέμψας
887 1678 964 1723 aff&
982 1675 1114 1722 Κοιμὲιῗ-

260 1756 330 1775 am.
396 1750 448 1772 uze
466 1734 596 1784 prorsus
613 1731 793 1767 sufficiunt.

313 1800 394 1835 177,
407 1798 458 1835 μ.
485 1787 558 1819 Υ“πό
573 1777 832 1827 Πολυκράτεςῷῡ]
862 1777 978 1812 Etiam
996 1773 1114 1810 absunt

259 1840 314 1875 hze
332 1848 433 1873 voces
449 1833 490 1869 ab
511 1832 587 1867 MS.
611 1830 646 1865 ὅτ,
662 1830 747 1864 mire
762 1825 919 1864 verbosus
935 1825 982 1860 est
999 1826 1034 1859 in
1050 1824 1114 1859 hac

259 1896 354 1936 parte
369 1892 572 1926 contextus,
589 1881 647 1929 qui
664 1878 749 1913 nihil
765 1875 986 1913 memorabile
1001 1874 1114 1923 expri-

260 1939 334 1972 mit.

317 1995 395 2031 177,
406 1994 462 2030 45'.
491 1983 633 2027 E'm‘nggol
644 1995 675 2014 τε
692 1977 822 2024 μισΘωἿο)
838 1979 861 2024 ἢ,
879 1973 1026 2019 τοξότοα]
1050 1972 1114 2007 Et-

264 2035 288 2070 si
312 2036 358 2069 ita
382 2031 556 2079 concipiat
589 2040 725 2076 quoque
757 2027 844 2061 hanc
876 2023 1113 2070 loquutionem

261 2098 292 2120 c.
305 2096 362 2129 54,
379 2091 528 2116 attamen
544 2090 632 2113 nunc
653 2078 730 2111 MS.
749 2075 882 2120 ὃὲιίκεςοι
900 2072 1040 2117 μισΘωἾοὶ.
1067 2071 1115 2105 Et

262 2132 395 2169 sufficit.
431 2130 519 2164 Mox
538 2127 639 2161 etiam
656 2126 690 2159 in
707 2124 828 2160 eodem
845 2121 987 2157 effertur
1003 2124 1114 2163 ἐξελα-

265 2182 374 2217 σθὲιίίως
388 2205 400 2223 ,
426 2186 529 2226 prout
545 2178 609 2223 iam
627 2173 721 2221 supra
737 2172 851 2207 notavi
867 2171 902 2205 ὃ(
919 2168 1025 2205 rursus
1041 2181 1115 2217 cap.

268 2243 319 2278 54.
374 2227 535 2273 Denique
553 2237 595 2259 ex
612 2224 731 2258 eodem
751 2221 841 2256 edidi
859 2222 877 2253 >r
896 2220 1035 2255 θύλακον
1054 2222 1116 2253 αἰλ-

264 2285 355 2324 φίτων
384 2277 495 2312 δέεσθαι,
525 2273 592 2308 fine
617 2271 761 2307 articulo
785 2275 849 2306 τῶν.
900 2270 958 2304 De
981 2267 1116 2303 defeetu

265 2339 378 2365 autem
403 2324 585 2361 verborum
612 2322 646 2355 in
662 2321 839 2356 Laconico
864 2316 1019 2365 responso
1035 2316 1116 2365 quid

264 2374 405 2413 dicam?
431 2372 493 2409 nisi
519 2371 541 2406 fi
558 2371 714 2406 videatur
739 2370 841 2404 etiam
867 2368 967 2402 nimis
982 2366 1116 2414 largum

264 2427 328 2462 esse
346 2426 381 2460 &
398 2423 579 2458 abhorrens
596 2419 637 2454 ab
656 2418 759 2454 Urbis
776 2418 863 2452 illius
879 2428 975 2451 more
987 2439 997 2459 ‚
1013 2424 1117 2462 prout

267 2476 373 2524 vulgo
389 2471 530 2508 effertur
547 2494 558 2513 ,
585 2478 624 2504 ut
640 2468 721 2503 licet
743 2466 827 2502 illud
852 2465 892 2500 sit
906 2464 981 2500 satis
997 2464 1118 2499 decens

267 2538 310 2561 ex
332 2521 422 2559 iensu
440 2546 451 2565 ,
486 2529 600 2554 tamen
625 2530 705 2552 curn
729 2516 883 2552 videatur
906 2512 1119 2549 concinnasse

265 2577 318 2610 vir
333 2572 474 2621 politior
491 2576 615 2616 praeter
631 2578 770 2601 manum
787 2563 958 2599 Herodoti
975 2589 987 2607 ,
1012 2574 1118 2611 quum

269 2624 423 2658 Lacones
446 2627 579 2653 tantum
605 2614 837 2663 responderint
862 2613 911 2647 τοὶ
935 2614 988 2658 μὲν
1014 2615 1120 2658 πρῶτοι

270 2671 414 2717 λεχθὲνἾοι
427 2672 443 2703 κ’
461 2672 598 2709 συνιέναι,
624 2663 691 2699 five
707 2664 851 2711 primam
869 2661 1029 2696 orationis
1047 2672 1121 2708 par-

272 2731 343 2756 tem
361 2717 528 2764 intelligas
543 2740 555 2758 ,
578 2713 634 2748 seu
653 2713 865 2761 praecipuum
887 2718 990 2758 caput
1015 2718 1121 2743 matc-

272 2771 341 2804 riae.
426 2767 483 2800 uid
499 2773 611 2799 autem
629 2760 745 2796 differt
764 2763 851 2796 inter
867 2759 954 2794 istud
973 2760 1122 2798 ὒὲηλελῆ-

272 2820 335 2855 σθω,
356 2816 413 2850 hic
431 2816 477 2849 ita
493 2812 720 2855 inculcatum,
738 2809 773 2844 &
791 2810 849 2846 aba
865 2808 998 2856 ἐμέμνῆἶο
1009 2835 1017 2848 ,
1029 2806 1122 2855 quod

273 2865 423 2915 positum
439 2863 480 2897 ab
495 2860 631 2896 auctore
648 2860 684 2894 in
700 2871 773 2907 cap.
784 2869 822 2906 51
837 2858 851 2893 ?

325 2915 403 2955 17⁴5,
418 2923 445 2945 1.
475 2912 560 2944 Οῧκω
580 2925 607 2943 τι
624 2908 826 2955 τιμωρῆσαι]
861 2906 975 2951 Qiam
993 2904 1123 2940 facino-

273 2962 344 2998 rose
361 2958 572 2996 conturbata-
590 2957 664 2992 sunt
685 2957 792 2991 literne
819 2957 852 2990 in
868 2955 931 2989 hac
957 2953 1122 2988 leffione?

273 3023 374 3059 quam
392 3008 529 3057 egregie
546 3017 664 3042 contra
678 3003 842 3052 expofitae
854 3005 953 3052 juxta
963 3002 1121 3036 Herodo-

272 3063 298 3095 ti
317 3070 454 3094 inanum
471 3069 505 3090 in
520 3056 655 3104 optimo
670 3054 745 3087 MS.
764 3053 820 3088 cine
836 3053 896 3087 ἕτω
912 3049 1096 3096 w‘uwgffmu?

328 3109 406 3152 178,
420 3119 452 3151 4.
493 3108 548 3139 E'7r'
568 3107 621 3139 οἶσι
644 3105 774 3148 οὲγοίατο
799 3107 822 3135 οἱ
847 3100 993 3146 nawen]
1027 3099 1120 3134 Duas

273 3157 453 3203 postremas
471 3166 570 3190 voces
588 3164 657 3187 non
680 3148 832 3198 agnoscit
856 3149 937 3185 MS.
952 3148 1121 3195 optimus,

560 187 1312 256 JAC.GRONOV11

1387 184 1663 228 NOTAE

1147 254 1182 289 ὃς
1198 255 1271 302 quis
1288 265 1357 288 non
1372 265 1425 287 cas
1445 250 1629 300 proscribat
1648 251 1683 285 in
1701 257 1792 285 tanta
1810 247 2006 284 iteratione?

1149 352 1169 388 f
1201 315 1325 357 {79²4
1355 300 1518 349 Cizania]
1547 299 1626 336 MS.
1645 300 1775 346 οἴχοίῖο,
1798 299 1900 346 iquC
1915 297 2005 334 satiS‘

1165 362 1243 387 acit.

1205 413 1284 447 179,
1307 412 1359 449 13.
1392 399 1525 446 Ε’πεμπε
1546 397 1617 435 δὲ]
1653 397 1732 433 MS.
1760 396 2009 443 οἱπέπεμπενδέ.

1154 450 1319 500 Agnoscis
1343 449 1411 484 hoc
1434 446 1543 497 ipsum
1568 447 1800 496 compositum
1819 448 1883 483 esse
1899 473 1912 492 ,
1937 458 2007 495 quo

1149 503 1220 550 jam
1237 510 1314 535 ante
1330 499 1371 534 de
1390 499 1458 533 hoc
1474 497 1564 532 fafito
1581 496 1646 531 fuit
1663 496 1755 542 usus,
1779 507 1818 532 ut
1837 497 1877 532 fit
1894 497 2008 531 omni-

1153 563 1198 584 no
1214 548 1440 597 probabilius,
1465 559 1567 595 quam
1583 545 1734 594 simplex.
1767 547 1901 590 Miror,
1917 545 2010 581 unde

1156 600 1345 647 Stephanus
1363 597 1533 645 acceperit
1549 595 1684 642 ἔπεμψε.
1706 595 1763 631 Ex
1781 595 1903 631 codem
1918 595 2008 631 libro

1154 648 1204 682 bis
1222 648 1336 696 recepi
1353 647 1466 681 civemn

1210 700 1288 741 180,
1310 710 1336 731 1.
1364 693 1630 741 Α’πελοιυνᾶμιῖυθ
1648 696 1686 736 ᾸΙ,
1701 692 1775 742 υἷι]
1810 692 1908 738 Qlid
1925 693 2012 729 utile

1158 745 1237 780 huic
1263 746 1341 781 loco
1367 757 1408 780 ex
1436 745 1495 780 ista
1525 743 1730 779 adversativa
1761 743 1880 779 inserta
1896 742 1908 777 ?
1942 742 2011 777 Ni-

1157 795 1265 849 mium
1289 792 1489 847 conjunc'tus
1507 793 1556 828 est
1577 792 1685 829 sermo
1700 819 1712 838 ,
1738 805 1839 841 quam
1857 802 1896 828 ut
1912 791 2013 840 poffit

1158 842 1258 884 ferri,
1286 843 1321 877 ὅ(
1337 845 1410 876 lane
1425 843 1509 890 legit
1526 843 1606 878 MS.
1623 841 1891 888 ,ιίπελαιυνόμᾶξμρ4
1907 842 1953 876 οἷν.

1213 890 1335 950 18o‚4.
1363 889 1412 926 Οὓς
1426 890 1460 926 οἶν
1477 894 1610 939 offulcio]
1638 890 2014 926 Molliter-aedistintffte

1160 940 1240 975 MS.
1257 944 1286 976 bc
1301 940 1337 974 οἷν
1356 938 1372 979 ἢ
1390 941 1513 984 chlois).
1546 940 1638 973 Mox
1654 940 1689 974 in
1704 940 1857 975 oratione
1874 941 2013 976 Perian-

1159 988 1210 1023 Ch⁴i
1226 988 1369 1024 habebat
1385 987 1495 1022 codex
1512 987 1834 1034 ὲξκςγασσίμην,ηοη
1853 992 1953 1036 ἑξεςγ.
1979 990 2015 1024 I-

1161 1047 1231 1073 tem
1253 1038 1354 1075 ςεέλαις
1372 1047 1473 1072 πλοῖον
1484 1062 1494 1081 ,
1510 1048 1581 1071 non
1598 1041 1705 1083 πλοίῳ.
1730 1038 1823 1085 Qiae
1840 1048 1931 1073 certe
1946 1050 2015 1074 non

1161 1086 1288 1121 cedunt
1304 1086 1464 1135 vulgatis.

1217 1136 1362 1180 180,41.
1389 1135 1548 1171 Ε’πεκοίλεε
1566 1136 1587 1169 2}
1602 1142 1735 1184 Λυκοφ]
1765 1135 1821 1171 An
1838 1137 1945 1186 igitur
1960 1138 2018 1174 hic

1161 1183 1288 1239 fafitum
1305 1184 1372 1228 est,
1388 1184 1479 1231 quod
1495 1185 1530 1219 in
1545 1183 1651 1220 verbo
1670 1186 1828 1221 ὓῆηκαλέῐν
1843 1189 1950 1240 vulgo
1964 1192 2018 1226 in·

1162 1232 1359 1282 telligitur?
1394 1234 1472 1268 MS.
1488 1233 1666 1273 αἰπεκοίλεε,
1694 1235 1786 1282 quod
1812 1238 1925 1274 multo
1948 1240 2016 1276 ele..

1160 1284 1306 1331 gantius.
1359 1283 1492 1318 Nonne
1514 1281 1622 1318 exstat
1647 1295 1684 1327 9,
1702 1283 1771 1318 20?
1797 1286 1857 1319 Καὶ
1873 1293 2018 1333 γυναῖκας

1162 1336 1257 1374 σφέας
1272 1333 1451 1367 οἱπεκοίλεον.

1218 1383 1360 1426 18o,43.
1389 1385 1453 1415 οὐκ
1468 1379 1621 1428 ὀπώρᾳ]
1648 1380 1772 1416 Utitur
1787 1382 1969 1421 hocverbo
1980 1385 2017 1422 &

1165 1427 1209 1463 fic
1223 1428 1419 1483 composito
1428 1429 1628 1464 Herodotus
1636 1456 1648 1474 ,
1658 1441 1762 1477 prout
1776 1434 1933 1482 exempla
1943 1435 2016 1470 col-

1163 1476 1247 1525 legit
1266 1478 1408 1517 Portus;
1435 1476 1489 1510 sed
1504 1477 1569 1511 alio
1585 1479 1732 1524 quodam
1752 1481 1856 1516 modo
1904 1493 1943 1519 ut
1960 1485 2018 1520 illa

1164 1526 1301 1560 docent.
1328 1525 1375 1559 Et
1391 1524 1482 1572 quod
1498 1535 1569 1558 non
1583 1525 1753 1571 sperabam
1764 1552 1776 1570 ,
1801 1508 1964 1567 hoc’loco
1979 1545 2016 1568 e-

1164 1575 1216 1610 dit
1233 1575 1383 1622 optimus
1401 1573 1480 1608 MS.
1497 1573 1570 1608 ἐίκων
1588 1573 1671 1618 ὲιόςρε
1686 1597 1698 1616 ,
1722 1574 1758 1608 in
1774 1575 1870 1611 illum
1886 1580 2019 1625 prorsus

1165 1636 1235 1659 non
1250 1621 1456 1671 conjiciebat
1473 1622 1601 1657 oculos.
1651 1622 1699 1657 Et
1717 1622 1844 1659 ibidem
1863 1626 1898 1660 in
1913 1639 2018 1675 parvo

1164 1673 1245 1708 licet
1255 1697 1266 1716 ,
1292 1683 1406 1708 tamen
1419 1671 1590 1706 Herodoti
1607 1670 1718 1707 custos
1733 1672 1928 1711 membrana
1939 1677 2021 1712 Me-

1164 1722 1260 1757 dicea
1274 1722 1399 1757 retinet
1416 1720 1470 1756 ‘slus‘
1485 1722 1660 1766 ἀδελφεήν,
1684 1730 1723 1757 ut
1746 1721 1877 1772 semper
1901 1724 2021 1762 auftor

1165 1772 1299 1816 noster,
1325 1783 1395 1806 non
1412 1771 1575 1813 οὲὃελφῖμὲ.

1218 1823 1297 1865 181,
1309 1833 1341 1863 7.
1356 1820 1417 1875 ,Τοὶ
1432 1820 1554 1867 melfiae
1570 1820 1760 1868 antemon]
1790 1822 1909 1859 Nimis
1923 1836 2020 1873 aper-

1165 1880 1200 1906 te
1223 1870 1260 1905 &
1283 1869 1405 1905 rustice
1420 1896 1428 1908 ‚
1463 1881 1564 1916 quam
1590 1879 1629 1905 ut
1647 1870 1789 1918 politam
1807 1870 2020 1911 Corinthum

1164 1920 1292 1955 deceat.
1335 1920 1454 1966 Itaque
1470 1918 1742 1966 pretiofissimum
1762 1921 1848 1956 mihi
1861 1921 1997 1959 videtur

1166 1969 1259 2018 quod
1278 1968 1385 2004 exstat
1401 1969 1436 2002 in
1453 1968 1588 2016 optimo
1606 1969 1686 2003 MS.
1702 1972 1882 2015 μετὲἕοιλον.
2005 1949 2019 1969 '

1220 2017 1367 2061 181,12.
1394 2015 1692 2065 T‘mzfflo‘pgu&.]
1720 2019 1804 2054 Hoc
1819 2020 2018 2068 exemplum

1151 2068 1289 2103 'Portus
1304 2067 1482 2102 subnexuit
1502 2067 1617 2101 multis
1641 2068 1711 2103 aliis
1727 2093 1739 2112 ,
1764 2069 1800 2102 in
1815 2069 1937 2116 quibus
1953 2081 2017 2118 ap-

1166 2126 1260 2165 paret
1278 2116 1415 2150 aoristus
1433 2114 1660 2156 t‘cmvnejvaoffau
1671 2142 1682 2160 ‚
1708 2115 1801 2164 quod
1816 2128 1951 2166 tempus
1964 2129 2017 2153 et-

1166 2167 1229 2203 iam
1243 2177 1332 2201 nunc
1342 2163 1532 2198 adhibitum
1548 2163 1643 2199 fuisse
1659 2165 1762 2200 docet
1776 2167 1925 2214 optimus
1934 2168 2017 2203 MS.

1166 2215 1329 2250 exhibens
1346 2213 1442 2262 plane
1460 2212 1734 2260 μ’ππκὸζνοιμᾶζυθι,

1219 2266 1361 2310 181,41.
1390 2262 1472 2307 Δῆμε
1491 2263 1521 2307 ,ἓ
1537 2262 1610 2298 τέτε
1628 2262 1703 2311 [ul]
1733 2263 1887 2313 Nequivi
1904 2266 2016 2302 indul-

1167 2326 1248 2363 gere
1265 2323 1323 2348 aut
1334 2311 1443 2348 Vanae
1458 2320 1516 2345 aut
1534 2312 1708 2359 Stephano
1726 2315 1913 2363 corrigenti
1932 2316 2018 2352 Val-

1168 2365 1235 2398 lam
1251 2388 1263 2407 ,
1290 2363 1325 2397 in
1341 2361 1375 2396 id
1393 2359 1660 2408 conspirantibus
1675 2388 1687 2407 ,
1711 2372 1751 2398 ut
1776 2366 1867 2409 δῆμον
1883 2373 2019 2400 vertant

1168 2413 1284 2447 tribum
1294 2437 1305 2456 ,
1329 2422 1433 2458 quum
1450 2421 1513 2444 nec
1529 2411 1622 2446 vocis
1632 2411 1769 2447 Graecae
1784 2422 1902 2448 natura
1918 2413 1954 2449 id
1967 2414 2018 2448 fe-

1170 2471 1241 2505 rat,
1258 2462 1321 2496 nec
1337 2459 1490 2509 publicus
1508 2459 1594 2495 illius
1607 2459 1681 2496 usus
1696 2463 1753 2510 qui
1771 2463 1945 2510 praecipue
1959 2475 2017 2499 va-

1171 2511 1234 2545 luit
1250 2512 1284 2545 in
1301 2510 1416 2544 Attica
1430 2533 1441 2552 ,
1468 2516 1506 2542 ut
1529 2519 1655 2544 norunt
1670 2523 1799 2546 omnes.
1840 2511 1880 2546 In
1895 2512 2015 2560 priori-

1171 2560 1232 2596 bus
1248 2561 1349 2595 etiam
1360 2557 1451 2593 volui
1462 2556 1586 2593 Latina
1599 2560 1804 2595 concinnare
1816 2560 1857 2596 ad
1873 2561 2015 2596 formam

1173 2610 1376 2644 Graecorum
1386 2633 1397 2652 ,
1407 2604 1460 2640 sed
1477 2606 1535 2640 ubi
1551 2607 1709 2644 excidisse
1724 2609 1940 2658 deprehendo
1953 2621 2016 2643 vo-

1173 2671 1247 2693 cem
1263 2668 1368 2703 ncpos,
1385 2657 1436 2702 qm‘
1444 2656 1571 2689 Ambiae
1587 2668 1692 2703 nepos,
1710 2659 1811 2694 Samii
1817 2659 1916 2705 filius.
1941 2657 2015 2692 Ali-

1173 2718 1225 2743 ter
1250 2706 1410 2753 concepit
1435 2703 1668 2753 Vindingius,
1699 2707 1820 2743 dubito
1845 2719 1885 2742 an
1907 2706 2015 2749 bene5

1172 2755 1288 2791 scribit
1309 2757 1398 2790 enim
1419 2752 1576 2799 [Archiae
1595 2754 1614 2789 a
1632 2755 1751 2792 Samiis
1766 2756 1899 2804 publice
1915 2754 2016 2791 funus

1173 2804 1298 2840 Paetum
1315 2804 1398 2847 fuit,
1414 2801 1549 2850 ejusque
1567 2802 1654 2838 filius
1668 2805 1725 2840 suo
1744 2805 1815 2840 filio
1833 2804 1936 2839 Samii
1952 2817 2015 2839 no-

1174 2866 1253 2890 men
1267 2852 1407 2895 indidit,
1431 2851 1523 2899 quod
1541 2853 1683 2888 Archias
1699 2854 1788 2888 Sami
1803 2852 1935 2887 strenue
1951 2866 2016 2901 pu-

1172 2915 1279 2952 gnans
1303 2899 1509 2947 cecidiss'et.]
1537 2901 1627 2949 quasi
1651 2902 1706 2937 ille
1727 2902 1856 2937 Samius
1878 2903 2017 2950 proprie

1172 2951 1356 3000 appellatus
1373 2949 1451 2984 essct
1470 2962 1575 2998 nepos
1597 2952 1667 2999 ejus
1682 2951 1738 2998 qui
1755 2951 1791 2985 in
1808 2951 1909 2985 Samo
1924 2952 2016 2986 ceci-

1172 3001 1233 3036 dit.

1223 3048 1299 3091 181,
1314 3052 1370 3093 46.
1405 3048 1550 3086 Ταφῖωἷῖεα
1572 3050 1695 3093 δημοσίῃ
1716 3048 1787 3085 tim*
1806 3052 1926 3095 Σαμίων
1943 3047 2012 3095 εἰ]

1173 3097 1299 3134 Eadem
1317 3097 1351 3130 in
1368 3097 1488 3130 vocula
1505 3096 1662 3130 terminat
1676 3098 1863 3132 orationem
1875 3109 1947 3144 cap.
1959 3098 2015 3130 82.

1171 3146 1299 3189 noaldus
1315 3145 1400 3190 νόμκς
1415 3145 1458 3190 μῆ
1474 3146 1548 3178 mm
1565 3144 1680 3190 ἕχονἸας
1699 3143 1741 3180 εὖ.
1768 3147 1886 3194 Itaque
1902 3136 2015 3180 hacte-

1956 3205 2018 3228 nus
