<?xml version="1.0" encoding="UTF-8"?>
<!DOCTYPE html PUBLIC "-//W3C//DTD XHTML 1.0 Transitional//EN"
    "http://www.w3.org/TR/xhtml1/DTD/xhtml1-transitional.dtd">
<html xmlns="http://www.w3.org/1999/xhtml" xml:lang="en" lang="en">
 <head>
  <title>
</title>
<meta http-equiv="Content-Type" content="text/html;charset=utf-8" />
  <meta name='ocr-system' content='tesseract 3.04.00' />
  <meta name='ocr-capabilities' content='ocr_page ocr_carea ocr_par ocr_line ocrx_word'/>
</head>
<body>
  <div class='ocr_page' id='page_1' title='image "./herodotouhalikar00hero_0838.png"; bbox 0 0 2112 3621; ppageno 0'>
   <div class='ocr_carea' id='block_1_1' title="bbox 311 229 392 268">
    <p class='ocr_par' dir='ltr' id='par_1_1' title="bbox 311 229 392 268">
     <span class='ocr_line' id='line_1_1' title="bbox 311 229 392 268; baseline -0.012 0"><span class='ocrx_word' id='word_1_1' title='bbox 311 229 392 268; x_wconf 84' lang='lat'><strong>810</strong></span> 
     </span>
    </p>
   </div>
   <div class='ocr_carea' id='block_1_2' title="bbox 311 285 1166 3124">
    <p class='ocr_par' dir='ltr' id='par_1_2' title="bbox 311 285 1142 2052">
     <span class='ocr_line' id='line_1_2' title="bbox 312 285 1129 340; baseline -0.006 -14"><span class='ocrx_word' id='word_1_2' title='bbox 312 292 424 340; x_wconf 85' lang='lat' dir='ltr'><strong>guitas</strong></span> <span class='ocrx_word' id='word_1_3' title='bbox 445 286 536 323; x_wconf 87' lang='lat' dir='ltr'><strong>sedet</strong></span> <span class='ocrx_word' id='word_1_4' title='bbox 554 289 588 322; x_wconf 90' lang='lat' dir='ltr'><strong>in</strong></span> <span class='ocrx_word' id='word_1_5' title='bbox 608 289 658 322; x_wconf 85' lang='lat' dir='ltr'><strong>his</strong></span> <span class='ocrx_word' id='word_1_6' title='bbox 676 287 828 323; x_wconf 83' lang='lat' dir='ltr'><strong>vocibus.</strong></span> <span class='ocrx_word' id='word_1_7' title='bbox 874 287 922 322; x_wconf 82' lang='lat' dir='ltr'><strong>Et</strong></span> <span class='ocrx_word' id='word_1_8' title='bbox 939 286 1038 322; x_wconf 79' lang='lat' dir='ltr'><strong>Valla</strong></span> <span class='ocrx_word' id='word_1_9' title='bbox 1055 285 1129 334; x_wconf 88' lang='lat' dir='ltr'><strong>qui-</strong></span> 
     </span>
     <span class='ocr_line' id='line_1_3' title="bbox 315 336 1130 384; baseline -0.009 -9"><span class='ocrx_word' id='word_1_10' title='bbox 315 341 394 375; x_wconf 81' lang='lat' dir='ltr'><strong>dem</strong></span> <span class='ocrx_word' id='word_1_11' title='bbox 421 338 662 384; x_wconf 77' lang='lat' dir='ltr'><strong>interpretatus</strong></span> <span class='ocrx_word' id='word_1_12' title='bbox 672 336 900 384; x_wconf 72' lang='lat' dir='ltr'><strong>suggrundam</strong></span> <span class='ocrx_word' id='word_1_13' title='bbox 920 337 1031 383; x_wconf 78' lang='lat' dir='ltr'><strong>anguli</strong></span> <span class='ocrx_word' id='word_1_14' title='bbox 1047 348 1130 369; x_wconf 81' lang='lat' dir='ltr'><strong>tcm-</strong></span> 
     </span>
     <span class='ocr_line' id='line_1_4' title="bbox 311 385 1127 434; baseline -0.002 -13"><span class='ocrx_word' id='word_1_15' title='bbox 311 391 360 434; x_wconf 80' lang='lat' dir='ltr'><strong>pli</strong></span> <span class='ocrx_word' id='word_1_16' title='bbox 377 386 547 430; x_wconf 70' lang='lat' dir='ltr'><strong>ostendit,</strong></span> <span class='ocrx_word' id='word_1_17' title='bbox 574 386 752 434; x_wconf 88' lang='lat' dir='ltr'><strong>quomodo</strong></span> <span class='ocrx_word' id='word_1_18' title='bbox 769 385 998 420; x_wconf 84' lang='lat' dir='ltr'><strong>construxerit</strong></span> <span class='ocrx_word' id='word_1_19' title='bbox 1013 410 1024 429; x_wconf 78' lang='lat'>‚</span> <span class='ocrx_word' id='word_1_20' title='bbox 1047 387 1127 434; x_wconf 85' lang='lat' dir='ltr'><strong>jun—</strong></span> 
     </span>
     <span class='ocr_line' id='line_1_5' title="bbox 315 434 1129 485; baseline -0.001 -15"><span class='ocrx_word' id='word_1_21' title='bbox 315 435 431 485; x_wconf 79' lang='lat' dir='ltr'><strong>gendo</strong></span> <span class='ocrx_word' id='word_1_22' title='bbox 450 441 498 470; x_wconf 67' lang='grc' dir='ltr'><strong>ἐπὶ</strong></span> <span class='ocrx_word' id='word_1_23' title='bbox 515 434 535 474; x_wconf 63' lang='grc' dir='ltr'><em>ξ</em></span> <span class='ocrx_word' id='word_1_24' title='bbox 557 440 697 477; x_wconf 56' lang='lat' dir='ltr'><strong>wvnr&#39;x.</strong></span> <span class='ocrx_word' id='word_1_25' title='bbox 725 435 790 469; x_wconf 85' lang='lat' dir='ltr'><strong>Sed</strong></span> <span class='ocrx_word' id='word_1_26' title='bbox 803 434 1005 470; x_wconf 89' lang='lat' dir='ltr'><strong>Herodotus</strong></span> <span class='ocrx_word' id='word_1_27' title='bbox 1015 434 1129 469; x_wconf 84' lang='lat' dir='ltr'><strong>dicens</strong></span> 
     </span>
     <span class='ocr_line' id='line_1_6' title="bbox 318 483 1129 534; baseline 0 -16"><span class='ocrx_word' id='word_1_28' title='bbox 318 484 455 528; x_wconf 60' lang='lat' dir='ltr'><strong>wvrs&#39;rov</strong></span> <span class='ocrx_word' id='word_1_29' title='bbox 471 506 482 528; x_wconf 61' lang='lat'><strong>⁹</strong></span> <span class='ocrx_word' id='word_1_30' title='bbox 509 484 638 520; x_wconf 65' lang='lat' dir='ltr'><strong>indicat</strong></span> <span class='ocrx_word' id='word_1_31' title='bbox 655 483 885 534; x_wconf 75' lang='lat' dir='ltr'><strong>firggrundam</strong></span> <span class='ocrx_word' id='word_1_32' title='bbox 901 483 992 518; x_wconf 87' lang='lat' dir='ltr'><strong>illam</strong></span> <span class='ocrx_word' id='word_1_33' title='bbox 1011 496 1129 531; x_wconf 87' lang='lat' dir='ltr'><strong>quam-</strong></span> 
     </span>
     <span class='ocr_line' id='line_1_7' title="bbox 317 533 1127 582; baseline -0.001 -14"><span class='ocrx_word' id='word_1_34' title='bbox 317 546 454 581; x_wconf 86' lang='lat' dir='ltr'><strong>cunque</strong></span> <span class='ocrx_word' id='word_1_35' title='bbox 472 547 542 569; x_wconf 89' lang='lat' dir='ltr'><strong>non</strong></span> <span class='ocrx_word' id='word_1_36' title='bbox 561 534 652 582; x_wconf 80' lang='lat' dir='ltr'><strong>poffe</strong></span> <span class='ocrx_word' id='word_1_37' title='bbox 669 534 809 582; x_wconf 77' lang='lat' dir='ltr'><strong>separari</strong></span> <span class='ocrx_word' id='word_1_38' title='bbox 827 533 868 568; x_wconf 77' lang='lat' dir='ltr'><strong>ab</strong></span> <span class='ocrx_word' id='word_1_39' title='bbox 884 545 971 568; x_wconf 91' lang='lat' dir='ltr'><strong>voce</strong></span> <span class='ocrx_word' id='word_1_40' title='bbox 987 533 1127 580; x_wconf 87' lang='lat' dir='ltr'><strong>templi:</strong></span> 
     </span>
     <span class='ocr_line' id='line_1_8' title="bbox 315 582 1128 630; baseline -0.004 -12"><span class='ocrx_word' id='word_1_41' title='bbox 315 583 408 618; x_wconf 89' lang='lat' dir='ltr'><strong>unde</strong></span> <span class='ocrx_word' id='word_1_42' title='bbox 426 584 598 630; x_wconf 78' lang='lat' dir='ltr'><strong>vituperat</strong></span> <span class='ocrx_word' id='word_1_43' title='bbox 616 584 751 619; x_wconf 83' lang='lat' dir='ltr'><strong>Vallam</strong></span> <span class='ocrx_word' id='word_1_44' title='bbox 770 583 867 616; x_wconf 70' lang='lat' dir='ltr'><strong>AE.m.</strong></span> <span class='ocrx_word' id='word_1_45' title='bbox 884 583 1026 627; x_wconf 77' lang='lat' dir='ltr'><strong>Portus,</strong></span> <span class='ocrx_word' id='word_1_46' title='bbox 1050 582 1128 616; x_wconf 89' lang='lat' dir='ltr'><strong>scri-</strong></span> 
     </span>
     <span class='ocr_line' id='line_1_9' title="bbox 316 630 1127 679; baseline -0.005 -12"><span class='ocrx_word' id='word_1_47' title='bbox 316 630 410 668; x_wconf 88' lang='lat' dir='ltr'><strong>bens.</strong></span> <span class='ocrx_word' id='word_1_48' title='bbox 438 631 457 679; x_wconf 88' lang='lat'>[</span> <span class='ocrx_word' id='word_1_49' title='bbox 473 632 612 675; x_wconf 61' lang='lat' dir='ltr'><strong>wvn‘iov</strong></span> <span class='ocrx_word' id='word_1_50' title='bbox 636 634 669 667; x_wconf 67' lang='grc' dir='ltr'><strong>τὸ</strong></span> <span class='ocrx_word' id='word_1_51' title='bbox 686 633 762 667; x_wconf 88' lang='lat' dir='ltr'><strong>Ion.</strong></span> <span class='ocrx_word' id='word_1_52' title='bbox 779 631 814 665; x_wconf 83' lang='lat'>&amp;</span> <span class='ocrx_word' id='word_1_53' title='bbox 832 632 932 667; x_wconf 78' lang='lat' dir='ltr'><strong>Poe&#39;t.</strong></span> <span class='ocrx_word' id='word_1_54' title='bbox 949 643 1012 673; x_wconf 84' lang='lat' dir='ltr'><strong>pro</strong></span> <span class='ocrx_word' id='word_1_55' title='bbox 1037 643 1127 666; x_wconf 89' lang='lat' dir='ltr'><strong>com.</strong></span> 
     </span>
     <span class='ocr_line' id='line_1_10' title="bbox 315 680 1131 729; baseline -0.002 -13"><span class='ocrx_word' id='word_1_56' title='bbox 315 682 473 725; x_wconf 50' lang='grc' dir='ltr'><strong>φόνοιο-ν,</strong></span> <span class='ocrx_word' id='word_1_57' title='bbox 490 682 611 729; x_wconf 90' lang='lat' dir='ltr'><strong>templi</strong></span> <span class='ocrx_word' id='word_1_58' title='bbox 627 680 843 717; x_wconf 88' lang='lat' dir='ltr'><strong>vestibulum.</strong></span> <span class='ocrx_word' id='word_1_59' title='bbox 868 680 950 716; x_wconf 89' lang='lat' dir='ltr'><strong>Lat.</strong></span> <span class='ocrx_word' id='word_1_60' title='bbox 966 681 1131 726; x_wconf 83' lang='lat' dir='ltr'>interpres</span> 
     </span>
     <span class='ocr_line' id='line_1_11' title="bbox 316 729 1129 779; baseline -0.004 -14"><span class='ocrx_word' id='word_1_61' title='bbox 316 729 548 779; x_wconf 84' lang='lat' dir='ltr'><strong>suggrundam</strong></span> <span class='ocrx_word' id='word_1_62' title='bbox 563 741 678 766; x_wconf 86' lang='lat' dir='ltr'><strong>vocat.</strong></span> <span class='ocrx_word' id='word_1_63' title='bbox 719 729 785 766; x_wconf 86' lang='lat' dir='ltr'><strong>Sed</strong></span> <span class='ocrx_word' id='word_1_64' title='bbox 805 742 876 764; x_wconf 85' lang='lat' dir='ltr'><strong>non</strong></span> <span class='ocrx_word' id='word_1_65' title='bbox 899 729 1036 765; x_wconf 86' lang='lat' dir='ltr'><strong>videtur</strong></span> <span class='ocrx_word' id='word_1_66' title='bbox 1053 730 1129 763; x_wconf 77' lang='lat' dir='ltr'><strong>haec</strong></span> 
     </span>
     <span class='ocr_line' id='line_1_12' title="bbox 318 778 1129 826; baseline -0.002 -13"><span class='ocrx_word' id='word_1_67' title='bbox 318 780 557 826; x_wconf 76' lang='lat' dir='ltr'>interpretatio</span> <span class='ocrx_word' id='word_1_68' title='bbox 576 780 657 815; x_wconf 88' lang='lat' dir='ltr'><strong>huic</strong></span> <span class='ocrx_word' id='word_1_69' title='bbox 674 779 756 815; x_wconf 91' lang='lat' dir='ltr'><strong>loco</strong></span> <span class='ocrx_word' id='word_1_70' title='bbox 783 778 857 814; x_wconf 73' lang='lat' dir='ltr'><strong>satis</strong></span> <span class='ocrx_word' id='word_1_71' title='bbox 871 789 951 825; x_wconf 80' lang='lat' dir='ltr'><strong>apte</strong></span> <span class='ocrx_word' id='word_1_72' title='bbox 966 778 1129 814; x_wconf 87' lang='lat' dir='ltr'><strong>conveni-</strong></span> 
     </span>
     <span class='ocr_line' id='line_1_13' title="bbox 317 827 1130 877; baseline -0.005 -14"><span class='ocrx_word' id='word_1_73' title='bbox 317 828 375 876; x_wconf 84' lang='lat' dir='ltr'><strong>re]</strong></span> <span class='ocrx_word' id='word_1_74' title='bbox 412 829 535 876; x_wconf 88' lang='lat' dir='ltr'><strong>Inique</strong></span> <span class='ocrx_word' id='word_1_75' title='bbox 562 830 704 877; x_wconf 83' lang='lat' dir='ltr'><strong>prorsus.</strong></span> <span class='ocrx_word' id='word_1_76' title='bbox 740 841 846 877; x_wconf 89' lang='lat' dir='ltr'><strong>quum</strong></span> <span class='ocrx_word' id='word_1_77' title='bbox 868 840 940 863; x_wconf 88' lang='lat' dir='ltr'><strong>non</strong></span> <span class='ocrx_word' id='word_1_78' title='bbox 963 827 1130 876; x_wconf 82' lang='lat' dir='ltr'><strong>suggrun-</strong></span> 
     </span>
     <span class='ocr_line' id='line_1_14' title="bbox 316 875 1130 927; baseline -0.005 -15"><span class='ocrx_word' id='word_1_79' title='bbox 316 877 394 912; x_wconf 81' lang='lat' dir='ltr'><strong>dam</strong></span> <span class='ocrx_word' id='word_1_80' title='bbox 410 903 422 922; x_wconf 80' lang='lat'>‚</span> <span class='ocrx_word' id='word_1_81' title='bbox 454 877 509 913; x_wconf 88' lang='lat' dir='ltr'><strong>sed</strong></span> <span class='ocrx_word' id='word_1_82' title='bbox 541 877 772 927; x_wconf 83' lang='lat' dir='ltr'><strong>suggrundam</strong></span> <span class='ocrx_word' id='word_1_83' title='bbox 809 877 931 925; x_wconf 88' lang='lat' dir='ltr'><strong>templi</strong></span> <span class='ocrx_word' id='word_1_84' title='bbox 965 875 1130 923; x_wconf 79' lang='lat' dir='ltr'>scripserit</span> 
     </span>
     <span class='ocr_line' id='line_1_15' title="bbox 317 926 1130 975; baseline -0.005 -13"><span class='ocrx_word' id='word_1_85' title='bbox 317 927 439 971; x_wconf 80' lang='lat' dir='ltr'><strong>Valla,</strong></span> <span class='ocrx_word' id='word_1_86' title='bbox 466 926 527 961; x_wconf 89' lang='lat' dir='ltr'><strong>nifi</strong></span> <span class='ocrx_word' id='word_1_87' title='bbox 544 929 668 962; x_wconf 86' lang='lat' dir='ltr'><strong>Portus</strong></span> <span class='ocrx_word' id='word_1_88' title='bbox 686 939 824 975; x_wconf 89' lang='lat' dir='ltr'><strong>quoque</strong></span> <span class='ocrx_word' id='word_1_89' title='bbox 838 927 921 961; x_wconf 90' lang='lat' dir='ltr'><strong>velit</strong></span> <span class='ocrx_word' id='word_1_90' title='bbox 936 926 1130 974; x_wconf 87' lang='lat' dir='ltr'><strong>genitivum</strong></span> 
     </span>
     <span class='ocr_line' id='line_1_16' title="bbox 316 973 1131 1022; baseline -0.002 -14"><span class='ocrx_word' id='word_1_91' title='bbox 316 978 427 1022; x_wconf 70' lang='lat' dir='ltr'><strong>templi</strong></span> <span class='ocrx_word' id='word_1_92' title='bbox 451 973 492 1010; x_wconf 81' lang='lat' dir='ltr'><strong>ab</strong></span> <span class='ocrx_word' id='word_1_93' title='bbox 513 976 731 1011; x_wconf 84' lang='lat' dir='ltr'>antecedenti</span> <span class='ocrx_word' id='word_1_94' title='bbox 748 975 807 1011; x_wconf 90' lang='lat' dir='ltr'><strong>suo</strong></span> <span class='ocrx_word' id='word_1_95' title='bbox 822 975 976 1010; x_wconf 82' lang='lat' dir='ltr'><strong>sermone</strong></span> <span class='ocrx_word' id='word_1_96' title='bbox 993 974 1050 1008; x_wconf 89' lang='lat' dir='ltr'><strong>hie</strong></span> <span class='ocrx_word' id='word_1_97' title='bbox 1068 973 1131 1007; x_wconf 88' lang='lat' dir='ltr'><strong>ite-</strong></span> 
     </span>
     <span class='ocr_line' id='line_1_17' title="bbox 317 1021 1132 1072; baseline -0.005 -12"><span class='ocrx_word' id='word_1_98' title='bbox 317 1036 395 1060; x_wconf 89' lang='lat' dir='ltr'><strong>rum</strong></span> <span class='ocrx_word' id='word_1_99' title='bbox 413 1024 572 1072; x_wconf 81' lang='lat' dir='ltr'>intelligi.</span> <span class='ocrx_word' id='word_1_100' title='bbox 606 1024 757 1060; x_wconf 87' lang='lat' dir='ltr'><strong>Videtur</strong></span> <span class='ocrx_word' id='word_1_101' title='bbox 774 1023 875 1060; x_wconf 79' lang='lat' dir='ltr'><strong>Valla</strong></span> <span class='ocrx_word' id='word_1_102' title='bbox 890 1021 982 1071; x_wconf 80' lang='lat' dir='ltr'><strong>quasi</strong></span> <span class='ocrx_word' id='word_1_103' title='bbox 1001 1025 1132 1064; x_wconf 60' lang='grc' dir='ltr'><strong>ωερεξέ-</strong></span> 
     </span>
     <span class='ocr_line' id='line_1_18' title="bbox 317 1070 1132 1120; baseline -0.005 -12"><span class='ocrx_word' id='word_1_104' title='bbox 317 1074 399 1120; x_wconf 68' lang='grc' dir='ltr'>δ’ξῑω</span> <span class='ocrx_word' id='word_1_105' title='bbox 427 1074 553 1108; x_wconf 78' lang='lat' dir='ltr'>Xerxis</span> <span class='ocrx_word' id='word_1_106' title='bbox 573 1085 616 1108; x_wconf 82' lang='lat' dir='ltr'><strong>ex</strong></span> <span class='ocrx_word' id='word_1_107' title='bbox 642 1072 701 1108; x_wconf 90' lang='lat' dir='ltr'><strong>lib.</strong></span> <span class='ocrx_word' id='word_1_108' title='bbox 723 1085 748 1120; x_wconf 92' lang='lat'>7</span> <span class='ocrx_word' id='word_1_109' title='bbox 773 1073 842 1108; x_wconf 91' lang='lat' dir='ltr'><strong>huc</strong></span> <span class='ocrx_word' id='word_1_110' title='bbox 868 1072 1003 1107; x_wconf 81' lang='lat' dir='ltr'><strong>trahere</strong></span> <span class='ocrx_word' id='word_1_111' title='bbox 1023 1070 1132 1119; x_wconf 83' lang='lat' dir='ltr'><strong>expli-</strong></span> 
     </span>
     <span class='ocr_line' id='line_1_19' title="bbox 320 1120 1133 1170; baseline -0.005 -13"><span class='ocrx_word' id='word_1_112' title='bbox 320 1122 441 1157; x_wconf 84' lang='lat' dir='ltr'><strong>cando.</strong></span> <span class='ocrx_word' id='word_1_113' title='bbox 493 1122 613 1170; x_wconf 87' lang='lat' dir='ltr'><strong>ltaque</strong></span> <span class='ocrx_word' id='word_1_114' title='bbox 639 1134 744 1170; x_wconf 87' lang='lat' dir='ltr'><strong>quum</strong></span> <span class='ocrx_word' id='word_1_115' title='bbox 769 1122 905 1157; x_wconf 86' lang='lat' dir='ltr'><strong>Latinis</strong></span> <span class='ocrx_word' id='word_1_116' title='bbox 927 1121 1031 1155; x_wconf 81' lang='lat' dir='ltr'><strong>etiam</strong></span> <span class='ocrx_word' id='word_1_117' title='bbox 1054 1120 1133 1154; x_wconf 86' lang='lat' dir='ltr'><strong>talia</strong></span> 
     </span>
     <span class='ocr_line' id='line_1_20' title="bbox 321 1167 1133 1218; baseline -0.005 -12"><span class='ocrx_word' id='word_1_118' title='bbox 321 1170 514 1218; x_wconf 85' lang='lat' dir='ltr'><strong>composita</strong></span> <span class='ocrx_word' id='word_1_119' title='bbox 539 1171 575 1206; x_wconf 88' lang='lat' dir='ltr'><strong>in</strong></span> <span class='ocrx_word' id='word_1_120' title='bbox 592 1170 650 1206; x_wconf 90' lang='lat' dir='ltr'><strong>usu</strong></span> <span class='ocrx_word' id='word_1_121' title='bbox 666 1171 763 1206; x_wconf 76' lang='lat' dir='ltr'><strong>fuisse</strong></span> <span class='ocrx_word' id='word_1_122' title='bbox 781 1170 973 1213; x_wconf 83' lang='lat' dir='ltr'><strong>constaret,</strong></span> <span class='ocrx_word' id='word_1_123' title='bbox 999 1178 1039 1203; x_wconf 90' lang='lat' dir='ltr'><strong>ut</strong></span> <span class='ocrx_word' id='word_1_124' title='bbox 1058 1167 1133 1203; x_wconf 89' lang='lat' dir='ltr'><strong>sunt</strong></span> 
     </span>
     <span class='ocr_line' id='line_1_21' title="bbox 320 1218 1135 1265; baseline -0.005 -10"><span class='ocrx_word' id='word_1_125' title='bbox 320 1219 472 1255; x_wconf 83' lang='lat' dir='ltr'><strong>antefixa</strong></span> <span class='ocrx_word' id='word_1_126' title='bbox 485 1240 498 1265; x_wconf 85' lang='lat'><strong>-,</strong></span> <span class='ocrx_word' id='word_1_127' title='bbox 524 1219 706 1258; x_wconf 87' lang='lat' dir='ltr'><strong>infranares</strong></span> <span class='ocrx_word' id='word_1_128' title='bbox 720 1219 848 1265; x_wconf 72' lang='grc' dir='ltr'><strong><em>μόςοιξ,</em></strong></span> <span class='ocrx_word' id='word_1_129' title='bbox 874 1218 1035 1265; x_wconf 78' lang='lat' dir='ltr'><strong>super-alia</strong></span> <span class='ocrx_word' id='word_1_130' title='bbox 1049 1221 1135 1252; x_wconf 79' lang='grc' dir='ltr'>ἐπεν-</span> 
     </span>
     <span class='ocr_line' id='line_1_22' title="bbox 324 1266 1135 1311; baseline -0.002 -8"><span class='ocrx_word' id='word_1_131' title='bbox 324 1268 414 1308; x_wconf 70' lang='grc' dir='ltr'><em>δύτης</em></span> <span class='ocrx_word' id='word_1_132' title='bbox 427 1285 440 1311; x_wconf 73' lang='lat'>5</span> <span class='ocrx_word' id='word_1_133' title='bbox 467 1267 674 1304; x_wconf 73' lang='lat' dir='ltr'><strong>vestibulum</strong></span> <span class='ocrx_word' id='word_1_134' title='bbox 692 1269 862 1304; x_wconf 88' lang='lat' dir='ltr'><strong>Romanis</strong></span> <span class='ocrx_word' id='word_1_135' title='bbox 880 1266 1009 1302; x_wconf 84' lang='lat' dir='ltr'><strong>aedibus</strong></span> <span class='ocrx_word' id='word_1_136' title='bbox 1026 1267 1061 1301; x_wconf 90' lang='lat' dir='ltr'><strong>in</strong></span> <span class='ocrx_word' id='word_1_137' title='bbox 1082 1266 1135 1301; x_wconf 82' lang='lat' dir='ltr'><strong>hi-</strong></span> 
     </span>
     <span class='ocr_line' id='line_1_23' title="bbox 323 1314 1134 1365; baseline -0.004 -13"><span class='ocrx_word' id='word_1_138' title='bbox 323 1317 426 1353; x_wconf 88' lang='lat' dir='ltr'><strong>storia</strong></span> <span class='ocrx_word' id='word_1_139' title='bbox 436 1317 562 1353; x_wconf 77' lang='lat' dir='ltr'><strong>Graeca</strong></span> <span class='ocrx_word' id='word_1_140' title='bbox 578 1317 790 1365; x_wconf 74' lang='lat' dir='ltr'><strong>relinquens,</strong></span> <span class='ocrx_word' id='word_1_141' title='bbox 815 1316 972 1364; x_wconf 87' lang='lat' dir='ltr'><strong>usurpavi</strong></span> <span class='ocrx_word' id='word_1_142' title='bbox 987 1328 1030 1350; x_wconf 86' lang='lat' dir='ltr'><strong>ex</strong></span> <span class='ocrx_word' id='word_1_143' title='bbox 1046 1314 1134 1364; x_wconf 88' lang='lat' dir='ltr'><strong>glos-</strong></span> 
     </span>
     <span class='ocr_line' id='line_1_24' title="bbox 323 1364 1135 1414; baseline -0.007 -12"><span class='ocrx_word' id='word_1_144' title='bbox 323 1364 364 1402; x_wconf 85' lang='lat' dir='ltr'><strong>fis</strong></span> <span class='ocrx_word' id='word_1_145' title='bbox 379 1375 556 1414; x_wconf 73' lang='lat' dir='ltr'><strong>praeeunte</strong></span> <span class='ocrx_word' id='word_1_146' title='bbox 569 1367 746 1414; x_wconf 87' lang='lat' dir='ltr'><strong>Stephano</strong></span> <span class='ocrx_word' id='word_1_147' title='bbox 757 1378 880 1402; x_wconf 90' lang='lat' dir='ltr'><strong>vocem</strong></span> <span class='ocrx_word' id='word_1_148' title='bbox 893 1369 1135 1410; x_wconf 70' lang='lat' dir='ltr'><strong>antetemplnm3</strong></span> 
     </span>
     <span class='ocr_line' id='line_1_25' title="bbox 321 1413 1138 1464; baseline -0.006 -13"><span class='ocrx_word' id='word_1_149' title='bbox 321 1427 435 1464; x_wconf 84' lang='lat' dir='ltr'><strong>neque</strong></span> <span class='ocrx_word' id='word_1_150' title='bbox 461 1416 602 1463; x_wconf 87' lang='lat' dir='ltr'><strong>opinans</strong></span> <span class='ocrx_word' id='word_1_151' title='bbox 618 1415 679 1449; x_wconf 88' lang='lat' dir='ltr'><strong>ulli</strong></span> <span class='ocrx_word' id='word_1_152' title='bbox 706 1419 767 1460; x_wconf 72' lang='grc' dir='ltr'><strong>ναῷ</strong></span> <span class='ocrx_word' id='word_1_153' title='bbox 792 1414 885 1462; x_wconf 87' lang='lat' dir='ltr'><strong>posse</strong></span> <span class='ocrx_word' id='word_1_154' title='bbox 903 1414 1031 1460; x_wconf 83' lang='lat' dir='ltr'><strong>apponi</strong></span> <span class='ocrx_word' id='word_1_155' title='bbox 1047 1413 1138 1447; x_wconf 80' lang='lat' dir='ltr'><strong>varia</strong></span> 
     </span>
     <span class='ocr_line' id='line_1_26' title="bbox 322 1462 1135 1508; baseline -0.006 -9"><span class='ocrx_word' id='word_1_156' title='bbox 322 1464 481 1507; x_wconf 64' lang='lat' dir='ltr'><strong>wvn‘m,</strong></span> <span class='ocrx_word' id='word_1_157' title='bbox 505 1463 561 1497; x_wconf 88' lang='lat' dir='ltr'><strong>sed</strong></span> <span class='ocrx_word' id='word_1_158' title='bbox 578 1474 683 1497; x_wconf 88' lang='lat' dir='ltr'><strong>unum</strong></span> <span class='ocrx_word' id='word_1_159' title='bbox 702 1462 809 1497; x_wconf 93' lang='lat' dir='ltr'><strong>modo</strong></span> <span class='ocrx_word' id='word_1_160' title='bbox 829 1463 1034 1508; x_wconf 80' lang='lat' dir='ltr'><strong>unicuique,</strong></span> <span class='ocrx_word' id='word_1_161' title='bbox 1056 1472 1135 1495; x_wconf 89' lang='lat' dir='ltr'><strong>cen-</strong></span> 
     </span>
     <span class='ocr_line' id='line_1_27' title="bbox 320 1509 1136 1559; baseline -0.007 -11"><span class='ocrx_word' id='word_1_162' title='bbox 320 1513 370 1548; x_wconf 85' lang='lat' dir='ltr'><strong>sui</strong></span> <span class='ocrx_word' id='word_1_163' title='bbox 386 1511 648 1559; x_wconf 88' lang='lat' dir='ltr'><strong>intelligendum</strong></span> <span class='ocrx_word' id='word_1_164' title='bbox 676 1514 725 1546; x_wconf 76' lang='grc' dir='ltr'><strong>έπ)</strong></span> <span class='ocrx_word' id='word_1_165' title='bbox 744 1513 772 1547; x_wconf 64' lang='lat'><strong>113</strong></span> <span class='ocrx_word' id='word_1_166' title='bbox 791 1515 898 1556; x_wconf 74' lang='grc' dir='ltr'><em>γωνίης</em></span> <span class='ocrx_word' id='word_1_167' title='bbox 916 1509 937 1548; x_wconf 66' lang='grc' dir='ltr'>Ξ</span> <span class='ocrx_word' id='word_1_168' title='bbox 958 1512 1086 1552; x_wconf 58' lang='lat' dir='ltr'><strong>»nemis</strong></span> <span class='ocrx_word' id='word_1_169' title='bbox 1103 1510 1136 1542; x_wconf 83' lang='lat' dir='ltr'><strong>in</strong></span> 
     </span>
     <span class='ocr_line' id='line_1_28' title="bbox 321 1558 1138 1609; baseline -0.004 -14"><span class='ocrx_word' id='word_1_170' title='bbox 321 1562 438 1609; x_wconf 78' lang='lat' dir='ltr'><strong>angulo</strong></span> <span class='ocrx_word' id='word_1_171' title='bbox 463 1561 658 1607; x_wconf 63' lang='lat' dir='ltr'><strong>ama-templi.</strong></span> <span class='ocrx_word' id='word_1_172' title='bbox 709 1559 847 1607; x_wconf 85' lang='lat' dir='ltr'><strong>Utique</strong></span> <span class='ocrx_word' id='word_1_173' title='bbox 877 1558 1023 1607; x_wconf 89' lang='lat' dir='ltr'><strong>angulus</strong></span> <span class='ocrx_word' id='word_1_174' title='bbox 1049 1561 1138 1604; x_wconf 70' lang='lat' dir='ltr'><strong>ywvln</strong></span> 
     </span>
     <span class='ocr_line' id='line_1_29' title="bbox 324 1607 1137 1658; baseline -0.004 -13"><span class='ocrx_word' id='word_1_175' title='bbox 324 1610 446 1658; x_wconf 88' lang='lat' dir='ltr'><strong>nequit</strong></span> <span class='ocrx_word' id='word_1_176' title='bbox 460 1608 605 1658; x_wconf 88' lang='lat' dir='ltr'><strong>supponi</strong></span> <span class='ocrx_word' id='word_1_177' title='bbox 623 1607 773 1644; x_wconf 74' lang='lat' dir='ltr'><strong>habuiss&#39;e</strong></span> <span class='ocrx_word' id='word_1_178' title='bbox 789 1609 961 1657; x_wconf 88' lang='lat' dir='ltr'><strong>peculiare</strong></span> <span class='ocrx_word' id='word_1_179' title='bbox 978 1608 1137 1650; x_wconf 58' lang='lat' dir='ltr'><strong>wvffiov,</strong></span> 
     </span>
     <span class='ocr_line' id='line_1_30' title="bbox 322 1656 1139 1707; baseline -0.005 -12"><span class='ocrx_word' id='word_1_180' title='bbox 322 1658 380 1696; x_wconf 89' lang='lat' dir='ltr'><strong>sed</strong></span> <span class='ocrx_word' id='word_1_181' title='bbox 397 1659 508 1695; x_wconf 84' lang='lat' dir='ltr'><strong>forma</strong></span> <span class='ocrx_word' id='word_1_182' title='bbox 532 1662 661 1701; x_wconf 61' lang='lat' dir='ltr'><strong>eas-&amp;mix</strong></span> <span class='ocrx_word' id='word_1_183' title='bbox 687 1657 802 1707; x_wconf 87' lang='lat' dir='ltr'><strong>potest</strong></span> <span class='ocrx_word' id='word_1_184' title='bbox 829 1656 875 1693; x_wconf 86' lang='lat' dir='ltr'><strong>fic</strong></span> <span class='ocrx_word' id='word_1_185' title='bbox 894 1656 990 1693; x_wconf 81' lang='lat' dir='ltr'><strong>fuiffe</strong></span> <span class='ocrx_word' id='word_1_186' title='bbox 1013 1669 1139 1692; x_wconf 81' lang='lat' dir='ltr'><strong>conce-</strong></span> 
     </span>
     <span class='ocr_line' id='line_1_31' title="bbox 322 1706 1142 1757; baseline -0.004 -13"><span class='ocrx_word' id='word_1_187' title='bbox 322 1718 385 1757; x_wconf 80' lang='lat' dir='ltr'><strong>pta</strong></span> <span class='ocrx_word' id='word_1_188' title='bbox 402 1734 414 1754; x_wconf 85' lang='lat'>‚</span> <span class='ocrx_word' id='word_1_189' title='bbox 437 1717 477 1743; x_wconf 91' lang='lat' dir='ltr'><strong>ut</strong></span> <span class='ocrx_word' id='word_1_190' title='bbox 494 1707 585 1743; x_wconf 90' lang='lat' dir='ltr'><strong>foret</strong></span> <span class='ocrx_word' id='word_1_191' title='bbox 600 1707 814 1756; x_wconf 81' lang='lat' dir='ltr'>angulosum.</span> <span class='ocrx_word' id='word_1_192' title='bbox 848 1707 1032 1743; x_wconf 87' lang='lat' dir='ltr'><strong>Nimirum</strong></span> <span class='ocrx_word' id='word_1_193' title='bbox 1052 1706 1142 1742; x_wconf 84' lang='lat' dir='ltr'><strong>aedes</strong></span> 
     </span>
     <span class='ocr_line' id='line_1_32' title="bbox 325 1756 1141 1806; baseline -0.004 -13"><span class='ocrx_word' id='word_1_194' title='bbox 325 1758 427 1794; x_wconf 84' lang='lat' dir='ltr'><strong>sacrae</strong></span> <span class='ocrx_word' id='word_1_195' title='bbox 443 1766 601 1793; x_wconf 88' lang='lat' dir='ltr'><strong>veterum</strong></span> <span class='ocrx_word' id='word_1_196' title='bbox 623 1756 795 1792; x_wconf 80' lang='lat' dir='ltr'><strong>habebant</strong></span> <span class='ocrx_word' id='word_1_197' title='bbox 819 1756 956 1800; x_wconf 61' lang='lat' dir='ltr'><strong>wvoizc</strong></span> <span class='ocrx_word' id='word_1_198' title='bbox 978 1760 1002 1806; x_wconf 58' lang='lat' dir='ltr'><strong>a}</strong></span> <span class='ocrx_word' id='word_1_199' title='bbox 1022 1757 1141 1791; x_wconf 75' lang='grc' dir='ltr'><strong><em>ὀπισθο-</em></strong></span> 
     </span>
     <span class='ocr_line' id='line_1_33' title="bbox 325 1804 1140 1854; baseline -0.005 -11"><span class='ocrx_word' id='word_1_200' title='bbox 325 1807 421 1854; x_wconf 67' lang='grc' dir='ltr'><strong>ὃὸμες</strong></span> <span class='ocrx_word' id='word_1_201' title='bbox 443 1811 470 1842; x_wconf 68' lang='lat'><strong>’⁴2²</strong></span> <span class='ocrx_word' id='word_1_202' title='bbox 489 1811 568 1854; x_wconf 63' lang='grc' dir='ltr'><em>ἱερῶν</em></span> <span class='ocrx_word' id='word_1_203' title='bbox 583 1831 596 1851; x_wconf 84' lang='lat'>,</span> <span class='ocrx_word' id='word_1_204' title='bbox 618 1815 660 1842; x_wconf 82' lang='lat' dir='ltr'><strong>ut</strong></span> <span class='ocrx_word' id='word_1_205' title='bbox 683 1806 772 1842; x_wconf 86' lang='lat' dir='ltr'><strong>clare</strong></span> <span class='ocrx_word' id='word_1_206' title='bbox 793 1818 854 1841; x_wconf 90' lang='lat' dir='ltr'><strong>nos</strong></span> <span class='ocrx_word' id='word_1_207' title='bbox 880 1805 985 1841; x_wconf 89' lang='lat' dir='ltr'><strong>docet</strong></span> <span class='ocrx_word' id='word_1_208' title='bbox 1003 1804 1140 1840; x_wconf 88' lang='lat' dir='ltr'><strong>Diodo—</strong></span> 
     </span>
     <span class='ocr_line' id='line_1_34' title="bbox 326 1853 1140 1902; baseline -0.005 -10"><span class='ocrx_word' id='word_1_209' title='bbox 326 1868 383 1892; x_wconf 88' lang='lat' dir='ltr'><strong>rus</strong></span> <span class='ocrx_word' id='word_1_210' title='bbox 408 1855 513 1892; x_wconf 89' lang='lat' dir='ltr'><strong>Sicul.</strong></span> <span class='ocrx_word' id='word_1_211' title='bbox 529 1867 677 1902; x_wconf 80' lang='lat' dir='ltr'><strong>X1v,4z.</strong></span> <span class='ocrx_word' id='word_1_212' title='bbox 702 1856 739 1890; x_wconf 89' lang='lat' dir='ltr'><strong>in</strong></span> <span class='ocrx_word' id='word_1_213' title='bbox 762 1856 902 1891; x_wconf 81' lang='lat' dir='ltr'><strong>historia</strong></span> <span class='ocrx_word' id='word_1_214' title='bbox 927 1854 1056 1890; x_wconf 84' lang='lat' dir='ltr'><strong>Siciliae</strong></span> <span class='ocrx_word' id='word_1_215' title='bbox 1081 1853 1140 1889; x_wconf 88' lang='lat' dir='ltr'><strong>sub</strong></span> 
     </span>
     <span class='ocr_line' id='line_1_35' title="bbox 326 1902 1138 1955; baseline -0.009 -13"><span class='ocrx_word' id='word_1_216' title='bbox 326 1905 501 1955; x_wconf 88' lang='lat' dir='ltr'><strong>Dionyfio</strong></span> <span class='ocrx_word' id='word_1_217' title='bbox 518 1930 530 1950; x_wconf 94' lang='lat'>‚</span> <span class='ocrx_word' id='word_1_218' title='bbox 561 1905 621 1940; x_wconf 91' lang='lat' dir='ltr'><strong>ubi</strong></span> <span class='ocrx_word' id='word_1_219' title='bbox 645 1903 795 1940; x_wconf 83' lang='lat' dir='ltr'><strong>reddunt</strong></span> <span class='ocrx_word' id='word_1_220' title='bbox 811 1904 969 1952; x_wconf 77' lang='lat' dir='ltr'><strong>vestibula</strong></span> <span class='ocrx_word' id='word_1_221' title='bbox 988 1906 1027 1940; x_wconf 55' lang='grc' dir='ltr'><strong>(φ</strong></span> <span class='ocrx_word' id='word_1_222' title='bbox 1046 1902 1138 1950; x_wconf 80' lang='lat' dir='ltr'><strong>posti-</strong></span> 
     </span>
     <span class='ocr_line' id='line_1_36' title="bbox 329 1952 1141 2004; baseline -0.001 -15"><span class='ocrx_word' id='word_1_223' title='bbox 329 1968 390 1999; x_wconf 83' lang='lat' dir='ltr'><strong>ca,</strong></span> <span class='ocrx_word' id='word_1_224' title='bbox 406 1967 512 2004; x_wconf 90' lang='lat' dir='ltr'><strong>quum</strong></span> <span class='ocrx_word' id='word_1_225' title='bbox 530 1955 693 2003; x_wconf 86' lang='lat' dir='ltr'><strong>ignorent</strong></span> <span class='ocrx_word' id='word_1_226' title='bbox 703 1979 715 1999; x_wconf 84' lang='lat'>‚</span> <span class='ocrx_word' id='word_1_227' title='bbox 725 1954 838 2001; x_wconf 83' lang='lat' dir='ltr'><strong>quales</strong></span> <span class='ocrx_word' id='word_1_228' title='bbox 856 1954 985 1996; x_wconf 63' lang='lat' dir='ltr'><strong>w‘vocoa</strong></span> <span class='ocrx_word' id='word_1_229' title='bbox 1001 1952 1141 1998; x_wconf 82' lang='lat' dir='ltr'><strong>fuerint,</strong></span> 
     </span>
     <span class='ocr_line' id='line_1_37' title="bbox 330 2002 968 2052; baseline -0.005 -12"><span class='ocrx_word' id='word_1_230' title='bbox 330 2003 368 2040; x_wconf 84' lang='lat'>&amp;</span> <span class='ocrx_word' id='word_1_231' title='bbox 383 2005 442 2040; x_wconf 83' lang='lat' dir='ltr'><strong>vix</strong></span> <span class='ocrx_word' id='word_1_232' title='bbox 461 2003 646 2052; x_wconf 83' lang='lat' dir='ltr'><strong>quidquam</strong></span> <span class='ocrx_word' id='word_1_233' title='bbox 663 2002 771 2038; x_wconf 88' lang='lat' dir='ltr'><strong>fimile</strong></span> <span class='ocrx_word' id='word_1_234' title='bbox 788 2002 968 2039; x_wconf 89' lang='lat' dir='ltr'><strong>vestibulo.</strong></span> 
     </span>
    </p>

    <p class='ocr_par' dir='ltr' id='par_1_3' title="bbox 331 2051 1166 3124">
     <span class='ocr_line' id='line_1_38' title="bbox 385 2051 1141 2100; baseline -0.001 -12"><span class='ocrx_word' id='word_1_235' title='bbox 385 2064 441 2098; x_wconf 75' lang='lat'><strong>19,</strong></span> <span class='ocrx_word' id='word_1_236' title='bbox 451 2064 506 2088; x_wconf 82' lang='lat'><strong>20.</strong></span> <span class='ocrx_word' id='word_1_237' title='bbox 535 2051 754 2099; x_wconf 61' lang='grc' dir='ltr'><strong>Θεοφοωίῃζι]</strong></span> <span class='ocrx_word' id='word_1_238' title='bbox 785 2052 819 2088; x_wconf 78' lang='lat' dir='ltr'><strong>Si</strong></span> <span class='ocrx_word' id='word_1_239' title='bbox 831 2052 1004 2100; x_wconf 77' lang='lat' dir='ltr'><strong>AEgyptia</strong></span> <span class='ocrx_word' id='word_1_240' title='bbox 1019 2051 1141 2087; x_wconf 64' lang='lat' dir='ltr'><strong>trasta-</strong></span> 
     </span>
     <span class='ocr_line' id='line_1_39' title="bbox 331 2101 1142 2149; baseline -0.001 -12"><span class='ocrx_word' id='word_1_241' title='bbox 331 2113 444 2138; x_wconf 90' lang='lat' dir='ltr'><strong>remus</strong></span> <span class='ocrx_word' id='word_1_242' title='bbox 459 2126 471 2145; x_wconf 92' lang='lat'>,</span> <span class='ocrx_word' id='word_1_243' title='bbox 498 2111 655 2149; x_wconf 83' lang='lat' dir='ltr'><strong>poteram</strong></span> <span class='ocrx_word' id='word_1_244' title='bbox 671 2103 847 2144; x_wconf 64' lang='grc' dir='ltr'><strong>θεοφοινίῐω</strong></span> <span class='ocrx_word' id='word_1_245' title='bbox 866 2102 924 2136; x_wconf 83' lang='lat' dir='ltr'><strong>hic</strong></span> <span class='ocrx_word' id='word_1_246' title='bbox 940 2101 1085 2136; x_wconf 86' lang='lat' dir='ltr'><strong>tolerare</strong></span> <span class='ocrx_word' id='word_1_247' title='bbox 1102 2110 1142 2136; x_wconf 81' lang='lat' dir='ltr'><strong>ut</strong></span> 
     </span>
     <span class='ocr_line' id='line_1_40' title="bbox 334 2150 1144 2198; baseline 0 -13"><span class='ocrx_word' id='word_1_248' title='bbox 334 2154 423 2195; x_wconf 88' lang='lat'><strong>2,62.</strong></span> <span class='ocrx_word' id='word_1_249' title='bbox 441 2151 644 2196; x_wconf 65' lang='grc' dir='ltr'>Λυχνοκαΐίω</span> <span class='ocrx_word' id='word_1_250' title='bbox 660 2151 696 2184; x_wconf 91' lang='lat' dir='ltr'><strong>in</strong></span> <span class='ocrx_word' id='word_1_251' title='bbox 715 2150 780 2185; x_wconf 85' lang='lat' dir='ltr'><strong>Sai.</strong></span> <span class='ocrx_word' id='word_1_252' title='bbox 808 2150 874 2186; x_wconf 91' lang='lat' dir='ltr'><strong>Sed</strong></span> <span class='ocrx_word' id='word_1_253' title='bbox 891 2151 1001 2186; x_wconf 87' lang='lat' dir='ltr'><strong>verius</strong></span> <span class='ocrx_word' id='word_1_254' title='bbox 1019 2151 1144 2198; x_wconf 81' lang='lat' dir='ltr'><strong>opinor</strong></span> 
     </span>
     <span class='ocr_line' id='line_1_41' title="bbox 334 2199 1145 2246; baseline 0 -12"><span class='ocrx_word' id='word_1_255' title='bbox 334 2200 371 2234; x_wconf 88' lang='lat' dir='ltr'><strong>in</strong></span> <span class='ocrx_word' id='word_1_256' title='bbox 398 2199 477 2234; x_wconf 87' lang='lat' dir='ltr'><strong>MS.</strong></span> <span class='ocrx_word' id='word_1_257' title='bbox 503 2199 572 2246; x_wconf 90' lang='lat' dir='ltr'><strong>legi</strong></span> <span class='ocrx_word' id='word_1_258' title='bbox 600 2202 816 2244; x_wconf 60' lang='lat' dir='ltr'><strong>&amp;eoewi‘01Ca‚</strong></span> <span class='ocrx_word' id='word_1_259' title='bbox 841 2200 963 2235; x_wconf 85' lang='lat' dir='ltr'><strong>&amp;tam</strong></span> <span class='ocrx_word' id='word_1_260' title='bbox 979 2211 1079 2244; x_wconf 67' lang='lat' dir='ltr'><strong>vere5</strong></span> <span class='ocrx_word' id='word_1_261' title='bbox 1105 2208 1145 2234; x_wconf 88' lang='lat' dir='ltr'><strong>ut</strong></span> 
     </span>
     <span class='ocr_line' id='line_1_42' title="bbox 334 2246 1145 2297; baseline 0.001 -15"><span class='ocrx_word' id='word_1_262' title='bbox 334 2248 450 2297; x_wconf 87' lang='lat' dir='ltr'><strong>priore</strong></span> <span class='ocrx_word' id='word_1_263' title='bbox 467 2246 607 2295; x_wconf 83' lang='lat' dir='ltr'><strong>expulso</strong></span> <span class='ocrx_word' id='word_1_264' title='bbox 622 2247 788 2295; x_wconf 88' lang='lat' dir='ltr'><strong>posterius</strong></span> <span class='ocrx_word' id='word_1_265' title='bbox 802 2249 1001 2296; x_wconf 89' lang='lat' dir='ltr'><strong>receperim.</strong></span> <span class='ocrx_word' id='word_1_266' title='bbox 1036 2249 1084 2284; x_wconf 88' lang='lat' dir='ltr'><strong>Et</strong></span> <span class='ocrx_word' id='word_1_267' title='bbox 1099 2248 1145 2283; x_wconf 85' lang='lat' dir='ltr'><strong>sa-</strong></span> 
     </span>
     <span class='ocr_line' id='line_1_43' title="bbox 336 2295 1148 2344; baseline 0 -12"><span class='ocrx_word' id='word_1_268' title='bbox 336 2298 380 2333; x_wconf 88' lang='lat' dir='ltr'><strong>tis</strong></span> <span class='ocrx_word' id='word_1_269' title='bbox 395 2296 535 2332; x_wconf 88' lang='lat' dir='ltr'><strong>firmum</strong></span> <span class='ocrx_word' id='word_1_270' title='bbox 554 2295 634 2330; x_wconf 88' lang='lat' dir='ltr'><strong>fidei</strong></span> <span class='ocrx_word' id='word_1_271' title='bbox 658 2296 783 2344; x_wconf 82' lang='lat' dir='ltr'><strong>pignus</strong></span> <span class='ocrx_word' id='word_1_272' title='bbox 799 2297 846 2331; x_wconf 87' lang='lat' dir='ltr'><strong>est</strong></span> <span class='ocrx_word' id='word_1_273' title='bbox 863 2298 943 2333; x_wconf 83' lang='lat' dir='ltr'><strong>MS.</strong></span> <span class='ocrx_word' id='word_1_274' title='bbox 954 2298 1148 2342; x_wconf 67' lang='lat' dir='ltr'><strong>Medicam,</strong></span> 
     </span>
     <span class='ocr_line' id='line_1_44' title="bbox 337 2345 1148 2394; baseline 0 -13"><span class='ocrx_word' id='word_1_275' title='bbox 337 2345 393 2381; x_wconf 87' lang='lat' dir='ltr'><strong>sed</strong></span> <span class='ocrx_word' id='word_1_276' title='bbox 410 2345 547 2384; x_wconf 84' lang='lat' dir='ltr'><strong>nonest</strong></span> <span class='ocrx_word' id='word_1_277' title='bbox 567 2345 710 2380; x_wconf 88' lang='lat' dir='ltr'><strong>dubium</strong></span> <span class='ocrx_word' id='word_1_278' title='bbox 728 2370 739 2389; x_wconf 83' lang='grc'>,</span> <span class='ocrx_word' id='word_1_279' title='bbox 765 2346 848 2392; x_wconf 87' lang='lat' dir='ltr'><strong>quin</strong></span> <span class='ocrx_word' id='word_1_280' title='bbox 866 2346 912 2381; x_wconf 83' lang='lat' dir='ltr'><strong>ita</strong></span> <span class='ocrx_word' id='word_1_281' title='bbox 936 2358 1073 2394; x_wconf 85' lang='lat' dir='ltr'><strong>quoque</strong></span> <span class='ocrx_word' id='word_1_282' title='bbox 1089 2359 1148 2381; x_wconf 82' lang='lat' dir='ltr'><strong>ex-</strong></span> 
     </span>
     <span class='ocr_line' id='line_1_45' title="bbox 341 2393 1150 2442; baseline -0.002 -11"><span class='ocrx_word' id='word_1_283' title='bbox 341 2396 514 2431; x_wconf 79' lang='lat' dir='ltr'><strong>stiteritin</strong></span> <span class='ocrx_word' id='word_1_284' title='bbox 530 2393 716 2441; x_wconf 83' lang='lat' dir='ltr'><strong>exemplari</strong></span> <span class='ocrx_word' id='word_1_285' title='bbox 733 2419 745 2436; x_wconf 88' lang='lat'>‚</span> <span class='ocrx_word' id='word_1_286' title='bbox 772 2407 841 2442; x_wconf 89' lang='lat' dir='ltr'><strong>quo</strong></span> <span class='ocrx_word' id='word_1_287' title='bbox 857 2394 931 2429; x_wconf 84' lang='lat' dir='ltr'><strong>usus</strong></span> <span class='ocrx_word' id='word_1_288' title='bbox 946 2394 1011 2430; x_wconf 85' lang='lat' dir='ltr'><strong>fuit</strong></span> <span class='ocrx_word' id='word_1_289' title='bbox 1031 2395 1150 2440; x_wconf 81' lang='lat' dir='ltr'><strong>Valla,</strong></span> 
     </span>
     <span class='ocr_line' id='line_1_46' title="bbox 343 2442 1152 2491; baseline -0.005 -12"><span class='ocrx_word' id='word_1_290' title='bbox 343 2444 422 2479; x_wconf 85' lang='lat' dir='ltr'><strong>inde</strong></span> <span class='ocrx_word' id='word_1_291' title='bbox 454 2453 589 2479; x_wconf 84' lang='lat' dir='ltr'><strong>vertens</strong></span> <span class='ocrx_word' id='word_1_292' title='bbox 621 2442 895 2489; x_wconf 80' lang='lat' dir='ltr'><strong>Theophaniorum</strong></span> <span class='ocrx_word' id='word_1_293' title='bbox 914 2471 922 2483; x_wconf 93' lang='lat'>,</span> <span class='ocrx_word' id='word_1_294' title='bbox 957 2444 1049 2491; x_wconf 85' lang='lat' dir='ltr'><strong>quod</strong></span> <span class='ocrx_word' id='word_1_295' title='bbox 1082 2456 1152 2478; x_wconf 83' lang='lat' dir='ltr'><strong>non</strong></span> 
     </span>
     <span class='ocr_line' id='line_1_47' title="bbox 344 2492 1155 2541; baseline -0.001 -13"><span class='ocrx_word' id='word_1_296' title='bbox 344 2493 510 2529; x_wconf 88' lang='lat' dir='ltr'><strong>convenit</strong></span> <span class='ocrx_word' id='word_1_297' title='bbox 527 2498 594 2538; x_wconf 70' lang='grc' dir='ltr'><strong>τῇσι</strong></span> <span class='ocrx_word' id='word_1_298' title='bbox 606 2495 802 2540; x_wconf 63' lang='grc' dir='ltr'><strong>θεοφουκίῃζι.</strong></span> <span class='ocrx_word' id='word_1_299' title='bbox 828 2492 965 2528; x_wconf 85' lang='lat' dir='ltr'><strong>Deinde</strong></span> <span class='ocrx_word' id='word_1_300' title='bbox 983 2492 1073 2528; x_wconf 84' lang='lat' dir='ltr'><strong>adest</strong></span> <span class='ocrx_word' id='word_1_301' title='bbox 1088 2492 1155 2541; x_wconf 76' lang='lat' dir='ltr'><strong>ipsa</strong></span> 
     </span>
     <span class='ocr_line' id='line_1_48' title="bbox 347 2541 1154 2591; baseline 0 -14"><span class='ocrx_word' id='word_1_302' title='bbox 347 2543 536 2591; x_wconf 78' lang='lat' dir='ltr'><strong>proprietas</strong></span> <span class='ocrx_word' id='word_1_303' title='bbox 563 2544 597 2576; x_wconf 86' lang='lat' dir='ltr'><strong>iu</strong></span> <span class='ocrx_word' id='word_1_304' title='bbox 622 2541 784 2577; x_wconf 85' lang='lat' dir='ltr'><strong>festorum</strong></span> <span class='ocrx_word' id='word_1_305' title='bbox 819 2543 910 2590; x_wconf 82' lang='lat' dir='ltr'><strong>typis</strong></span> <span class='ocrx_word' id='word_1_306' title='bbox 929 2567 940 2586; x_wconf 85' lang='lat'>,</span> <span class='ocrx_word' id='word_1_307' title='bbox 974 2552 1078 2590; x_wconf 90' lang='lat' dir='ltr'><strong>prout</strong></span> <span class='ocrx_word' id='word_1_308' title='bbox 1112 2554 1154 2577; x_wconf 83' lang='lat' dir='ltr'><strong>ex</strong></span> 
     </span>
     <span class='ocr_line' id='line_1_49' title="bbox 347 2590 1158 2640; baseline -0.001 -13"><span class='ocrx_word' id='word_1_309' title='bbox 347 2592 492 2628; x_wconf 84' lang='lat' dir='ltr'><strong>Polluce</strong></span> <span class='ocrx_word' id='word_1_310' title='bbox 508 2591 544 2626; x_wconf 86' lang='lat'>&amp;</span> <span class='ocrx_word' id='word_1_311' title='bbox 561 2590 702 2640; x_wconf 87' lang='lat' dir='ltr'><strong>Synefio</strong></span> <span class='ocrx_word' id='word_1_312' title='bbox 721 2591 889 2626; x_wconf 87' lang='lat' dir='ltr'><strong>Meurfius</strong></span> <span class='ocrx_word' id='word_1_313' title='bbox 906 2591 1008 2626; x_wconf 84' lang='lat' dir='ltr'><strong>habet</strong></span> <span class='ocrx_word' id='word_1_314' title='bbox 1031 2591 1158 2633; x_wconf 76' lang='grc' dir='ltr'><strong>Θεοφοί-</strong></span> 
     </span>
     <span class='ocr_line' id='line_1_50' title="bbox 350 2639 1159 2688; baseline -0.001 -13"><span class='ocrx_word' id='word_1_315' title='bbox 350 2657 418 2680; x_wconf 68' lang='lat' dir='ltr'><strong>vum,</strong></span> <span class='ocrx_word' id='word_1_316' title='bbox 445 2641 503 2688; x_wconf 91' lang='lat' dir='ltr'><strong>qui</strong></span> <span class='ocrx_word' id='word_1_317' title='bbox 521 2651 627 2687; x_wconf 90' lang='lat' dir='ltr'><strong>quum</strong></span> <span class='ocrx_word' id='word_1_318' title='bbox 643 2639 793 2675; x_wconf 86' lang='lat' dir='ltr'><strong>omiserit</strong></span> <span class='ocrx_word' id='word_1_319' title='bbox 812 2639 1033 2675; x_wconf 88' lang='lat' dir='ltr'><strong>Herodotum</strong></span> <span class='ocrx_word' id='word_1_320' title='bbox 1047 2666 1059 2685; x_wconf 78' lang='lat'>,</span> <span class='ocrx_word' id='word_1_321' title='bbox 1087 2641 1159 2675; x_wconf 86' lang='lat' dir='ltr'><strong>Pet.</strong></span> 
     </span>
     <span class='ocr_line' id='line_1_51' title="bbox 350 2689 1160 2734; baseline -0.001 -9"><span class='ocrx_word' id='word_1_322' title='bbox 350 2689 559 2725; x_wconf 85' lang='lat' dir='ltr'><strong>Castellanus</strong></span> <span class='ocrx_word' id='word_1_323' title='bbox 585 2689 712 2724; x_wconf 79' lang='lat' dir='ltr'><strong>Graeca</strong></span> <span class='ocrx_word' id='word_1_324' title='bbox 734 2689 770 2724; x_wconf 81' lang='lat'>&amp;</span> <span class='ocrx_word' id='word_1_325' title='bbox 787 2689 913 2724; x_wconf 82' lang='lat' dir='ltr'><strong>Latina</strong></span> <span class='ocrx_word' id='word_1_326' title='bbox 929 2701 972 2725; x_wconf 83' lang='lat' dir='ltr'><strong>ex</strong></span> <span class='ocrx_word' id='word_1_327' title='bbox 998 2701 1039 2724; x_wconf 90' lang='lat' dir='ltr'><strong>eo</strong></span> <span class='ocrx_word' id='word_1_328' title='bbox 1056 2690 1160 2734; x_wconf 84' lang='lat' dir='ltr'><strong>citat,</strong></span> 
     </span>
     <span class='ocr_line' id='line_1_52' title="bbox 351 2737 1160 2786; baseline 0 -13"><span class='ocrx_word' id='word_1_329' title='bbox 351 2748 457 2786; x_wconf 90' lang='lat' dir='ltr'><strong>prout</strong></span> <span class='ocrx_word' id='word_1_330' title='bbox 472 2739 507 2774; x_wconf 90' lang='lat' dir='ltr'><strong>in</strong></span> <span class='ocrx_word' id='word_1_331' title='bbox 525 2737 732 2774; x_wconf 88' lang='lat' dir='ltr'><strong>editionibus</strong></span> <span class='ocrx_word' id='word_1_332' title='bbox 749 2738 928 2773; x_wconf 87' lang='lat' dir='ltr'><strong>habentur.</strong></span> <span class='ocrx_word' id='word_1_333' title='bbox 981 2738 1067 2773; x_wconf 84' lang='lat' dir='ltr'><strong>Sane</strong></span> <span class='ocrx_word' id='word_1_334' title='bbox 1083 2750 1160 2786; x_wconf 90' lang='lat' dir='ltr'><strong>per-</strong></span> 
     </span>
     <span class='ocr_line' id='line_1_53' title="bbox 352 2787 1161 2836; baseline 0 -15"><span class='ocrx_word' id='word_1_335' title='bbox 352 2799 468 2834; x_wconf 82' lang='lat' dir='ltr'><strong>peram</strong></span> <span class='ocrx_word' id='word_1_336' title='bbox 485 2798 496 2828; x_wconf 70' lang='lat'><em>3</em></span> <span class='ocrx_word' id='word_1_337' title='bbox 525 2787 559 2822; x_wconf 68' lang='grc' dir='ltr'><strong>δε</strong></span> <span class='ocrx_word' id='word_1_338' title='bbox 570 2788 664 2836; x_wconf 89' lang='lat' dir='ltr'><strong>juvit</strong></span> <span class='ocrx_word' id='word_1_339' title='bbox 679 2797 793 2822; x_wconf 82' lang='lat' dir='ltr'><strong>tamen</strong></span> <span class='ocrx_word' id='word_1_340' title='bbox 808 2788 954 2822; x_wconf 83' lang='lat' dir='ltr'><strong>Portum</strong></span> <span class='ocrx_word' id='word_1_341' title='bbox 971 2799 1109 2835; x_wconf 90' lang='lat' dir='ltr'><strong>quoque</strong></span> <span class='ocrx_word' id='word_1_342' title='bbox 1126 2788 1161 2821; x_wconf 92' lang='lat' dir='ltr'><strong>in</strong></span> 
     </span>
     <span class='ocr_line' id='line_1_54' title="bbox 354 2835 1161 2884; baseline 0.001 -15"><span class='ocrx_word' id='word_1_343' title='bbox 354 2836 406 2870; x_wconf 86' lang='lat' dir='ltr'><strong>his</strong></span> <span class='ocrx_word' id='word_1_344' title='bbox 424 2836 560 2879; x_wconf 84' lang='lat' dir='ltr'><strong>ludere,</strong></span> <span class='ocrx_word' id='word_1_345' title='bbox 585 2835 639 2870; x_wconf 86' lang='lat' dir='ltr'><strong>scd</strong></span> <span class='ocrx_word' id='word_1_346' title='bbox 655 2835 787 2883; x_wconf 91' lang='lat' dir='ltr'><strong>prorsus</strong></span> <span class='ocrx_word' id='word_1_347' title='bbox 803 2835 941 2871; x_wconf 81' lang='lat' dir='ltr'><strong>absurde</strong></span> <span class='ocrx_word' id='word_1_348' title='bbox 959 2850 967 2872; x_wconf 72' lang='grc' dir='ltr'><strong><em>ε</em></strong></span> <span class='ocrx_word' id='word_1_349' title='bbox 995 2837 1031 2871; x_wconf 84' lang='lat'>&amp;</span> <span class='ocrx_word' id='word_1_350' title='bbox 1049 2835 1161 2884; x_wconf 79' lang='lat' dir='ltr'><strong>quaeso</strong></span> 
     </span>
     <span class='ocr_line' id='line_1_55' title="bbox 354 2884 1164 2931; baseline 0 -13"><span class='ocrx_word' id='word_1_351' title='bbox 354 2895 456 2931; x_wconf 83' lang='lat' dir='ltr'><strong>quam</strong></span> <span class='ocrx_word' id='word_1_352' title='bbox 482 2884 729 2931; x_wconf 82' lang='lat' dir='ltr'><strong>superstitiose,</strong></span> <span class='ocrx_word' id='word_1_353' title='bbox 757 2885 893 2920; x_wconf 89' lang='lat' dir='ltr'><strong>dicam?</strong></span> <span class='ocrx_word' id='word_1_354' title='bbox 918 2897 959 2920; x_wconf 85' lang='lat' dir='ltr'><strong>an</strong></span> <span class='ocrx_word' id='word_1_355' title='bbox 982 2895 1113 2920; x_wconf 84' lang='lat' dir='ltr'><strong>attente</strong></span> <span class='ocrx_word' id='word_1_356' title='bbox 1130 2887 1164 2919; x_wconf 91' lang='lat' dir='ltr'><strong>in</strong></span> 
     </span>
     <span class='ocr_line' id='line_1_56' title="bbox 355 2932 1166 2981; baseline 0 -13"><span class='ocrx_word' id='word_1_357' title='bbox 355 2932 533 2968; x_wconf 84' lang='lat' dir='ltr'><strong>Thesauro</strong></span> <span class='ocrx_word' id='word_1_358' title='bbox 550 2933 740 2980; x_wconf 80' lang='lat' dir='ltr'><strong>Stephanus</strong></span> <span class='ocrx_word' id='word_1_359' title='bbox 755 2934 768 2968; x_wconf 91' lang='lat'>?</span> <span class='ocrx_word' id='word_1_360' title='bbox 793 2933 852 2968; x_wconf 89' lang='lat' dir='ltr'><strong>Ne</strong></span> <span class='ocrx_word' id='word_1_361' title='bbox 870 2934 952 2981; x_wconf 89' lang='lat' dir='ltr'><strong>quid</strong></span> <span class='ocrx_word' id='word_1_362' title='bbox 969 2935 1166 2976; x_wconf 83' lang='lat' dir='ltr'><strong>omitteret,</strong></span> 
     </span>
     <span class='ocr_line' id='line_1_57' title="bbox 354 2981 1166 3030; baseline 0.001 -14"><span class='ocrx_word' id='word_1_363' title='bbox 354 2982 567 3030; x_wconf 83' lang='lat' dir='ltr'><strong>praemittens</strong></span> <span class='ocrx_word' id='word_1_364' title='bbox 597 2982 758 3023; x_wconf 64' lang='grc' dir='ltr'><strong>Θεοφάνᾴω</strong></span> <span class='ocrx_word' id='word_1_365' title='bbox 783 2983 825 3016; x_wconf 80' lang='grc' dir='ltr'><strong>τοὶ</strong></span> <span class='ocrx_word' id='word_1_366' title='bbox 841 3006 852 3025; x_wconf 87' lang='grc'>,</span> <span class='ocrx_word' id='word_1_367' title='bbox 885 2981 952 3016; x_wconf 85' lang='lat' dir='ltr'><strong>five</strong></span> <span class='ocrx_word' id='word_1_368' title='bbox 979 2986 1166 3021; x_wconf 50' lang='lat' dir='ltr'><strong>Quondam,</strong></span> 
     </span>
     <span class='ocr_line' id='line_1_58' title="bbox 354 3028 1165 3077; baseline -0.001 -12"><span class='ocrx_word' id='word_1_369' title='bbox 354 3035 401 3073; x_wconf 59' lang='lat' dir='ltr'><strong>ool,</strong></span> <span class='ocrx_word' id='word_1_370' title='bbox 420 3029 540 3065; x_wconf 86' lang='lat' dir='ltr'><strong>festum</strong></span> <span class='ocrx_word' id='word_1_371' title='bbox 558 3028 711 3073; x_wconf 85' lang='lat' dir='ltr'><strong>solenne,</strong></span> <span class='ocrx_word' id='word_1_372' title='bbox 728 3030 902 3077; x_wconf 73' lang='lat' dir='ltr'><strong>subjungit</strong></span> <span class='ocrx_word' id='word_1_373' title='bbox 921 3030 1053 3064; x_wconf 74' lang='lat' dir='ltr'><strong>nonniii</strong></span> <span class='ocrx_word' id='word_1_374' title='bbox 1072 3031 1165 3064; x_wconf 87' lang='lat' dir='ltr'><strong>hunc</strong></span> 
     </span>
     <span class='ocr_line' id='line_1_59' title="bbox 355 3077 1164 3124; baseline -0.005 -9"><span class='ocrx_word' id='word_1_375' title='bbox 355 3080 473 3115; x_wconf 86' lang='lat' dir='ltr'><strong>locum</strong></span> <span class='ocrx_word' id='word_1_376' title='bbox 491 3077 676 3114; x_wconf 84' lang='lat' dir='ltr'><strong>Herodoti.</strong></span> <span class='ocrx_word' id='word_1_377' title='bbox 729 3077 826 3124; x_wconf 78' lang='lat' dir='ltr'><strong>Qlid</strong></span> <span class='ocrx_word' id='word_1_378' title='bbox 843 3088 956 3113; x_wconf 81' lang='lat' dir='ltr'><strong>autem</strong></span> <span class='ocrx_word' id='word_1_379' title='bbox 978 3078 1077 3113; x_wconf 71' lang='lat' dir='ltr'><strong>affert</strong></span> <span class='ocrx_word' id='word_1_380' title='bbox 1092 3079 1164 3114; x_wconf 87' lang='lat' dir='ltr'><strong>Th.</strong></span> 
     </span>
    </p>
   </div>
   <div class='ocr_carea' id='block_1_3' title="bbox 595 215 1337 279">
    <p class='ocr_par' dir='ltr' id='par_1_4' title="bbox 595 215 1337 279">
     <span class='ocr_line' id='line_1_60' title="bbox 595 215 1337 279; baseline -0.012 -14"><span class='ocrx_word' id='word_1_381' title='bbox 595 215 1337 279; x_wconf 83' lang='lat' dir='ltr'><strong>JAC.GRONOV11</strong></span> 
     </span>
    </p>
   </div>
   <div class='ocr_carea' id='block_1_4' title="bbox 1410 214 1691 257">
    <p class='ocr_par' dir='ltr' id='par_1_5' title="bbox 1410 214 1691 257">
     <span class='ocr_line' id='line_1_61' title="bbox 1410 214 1691 257; baseline 0 0"><span class='ocrx_word' id='word_1_382' title='bbox 1410 214 1691 257; x_wconf 86' lang='lat' dir='ltr'>NOTAE</span> 
     </span>
    </p>
   </div>
   <div class='ocr_carea' id='block_1_5' title="bbox 1183 281 2002 1411">
    <p class='ocr_par' dir='ltr' id='par_1_6' title="bbox 1183 281 1994 576">
     <span class='ocr_line' id='line_1_62' title="bbox 1183 281 1994 331; baseline -0.002 -12"><span class='ocrx_word' id='word_1_383' title='bbox 1183 282 1293 319; x_wconf 80' lang='lat' dir='ltr'><strong>Gale?</strong></span> <span class='ocrx_word' id='word_1_384' title='bbox 1318 295 1442 331; x_wconf 84' lang='lat' dir='ltr'><strong>nempe</strong></span> <span class='ocrx_word' id='word_1_385' title='bbox 1459 281 1668 330; x_wconf 62' lang='lat' dir='ltr'><strong>[eeooaevsyca</strong></span> <span class='ocrx_word' id='word_1_386' title='bbox 1681 281 1994 326; x_wconf 81' lang='lat' dir='ltr'><strong>Plutarchus,Pol-</strong></span> 
     </span>
     <span class='ocr_line' id='line_1_63' title="bbox 1183 332 1994 381; baseline 0.001 -14"><span class='ocrx_word' id='word_1_387' title='bbox 1183 333 1242 367; x_wconf 71' lang='lat' dir='ltr'><strong>lux</strong></span> <span class='ocrx_word' id='word_1_388' title='bbox 1260 358 1271 376; x_wconf 85' lang='lat'>,</span> <span class='ocrx_word' id='word_1_389' title='bbox 1300 332 1466 380; x_wconf 76' lang='lat' dir='ltr'><strong>Synefius.</strong></span> <span class='ocrx_word' id='word_1_390' title='bbox 1499 333 1632 381; x_wconf 88' lang='lat' dir='ltr'><strong>Delphi</strong></span> <span class='ocrx_word' id='word_1_391' title='bbox 1651 332 1867 368; x_wconf 86' lang='lat' dir='ltr'><strong>celebrabant</strong></span> <span class='ocrx_word' id='word_1_392' title='bbox 1883 332 1994 380; x_wconf 84' lang='lat' dir='ltr'><strong>Apol-</strong></span> 
     </span>
     <span class='ocr_line' id='line_1_64' title="bbox 1183 381 1992 431; baseline 0.001 -15"><span class='ocrx_word' id='word_1_393' title='bbox 1183 382 1259 416; x_wconf 79' lang='lat' dir='ltr'><strong>linis</strong></span> <span class='ocrx_word' id='word_1_394' title='bbox 1275 382 1310 415; x_wconf 85' lang='lat' dir='ltr'>T</span> <span class='ocrx_word' id='word_1_395' title='bbox 1314 381 1516 428; x_wconf 82' lang='lat' dir='ltr'><strong>heophania.</strong></span> <span class='ocrx_word' id='word_1_396' title='bbox 1543 383 1677 431; x_wconf 82' lang='lat' dir='ltr'><strong>Tangit</strong></span> <span class='ocrx_word' id='word_1_397' title='bbox 1687 382 1856 431; x_wconf 86' lang='lat' dir='ltr'><strong>Virgilius</strong></span> <span class='ocrx_word' id='word_1_398' title='bbox 1873 395 1909 417; x_wconf 82' lang='lat' dir='ltr'><strong>iv</strong></span> <span class='ocrx_word' id='word_1_399' title='bbox 1927 381 1992 417; x_wconf 86' lang='lat' dir='ltr'><strong>AE-</strong></span> 
     </span>
     <span class='ocr_line' id='line_1_65' title="bbox 1183 430 1993 479; baseline 0.001 -15"><span class='ocrx_word' id='word_1_400' title='bbox 1183 430 1327 477; x_wconf 83' lang='lat' dir='ltr'><strong>neidos]</strong></span> <span class='ocrx_word' id='word_1_401' title='bbox 1357 430 1450 464; x_wconf 89' lang='lat' dir='ltr'><strong>nullo</strong></span> <span class='ocrx_word' id='word_1_402' title='bbox 1468 431 1590 466; x_wconf 88' lang='lat' dir='ltr'><strong>melior</strong></span> <span class='ocrx_word' id='word_1_403' title='bbox 1613 431 1872 479; x_wconf 77' lang='lat' dir='ltr'><strong>antiquioribus.</strong></span> <span class='ocrx_word' id='word_1_404' title='bbox 1907 432 1993 466; x_wconf 87' lang='lat' dir='ltr'><strong>Sanc</strong></span> 
     </span>
     <span class='ocr_line' id='line_1_66' title="bbox 1185 478 1994 521; baseline 0.002 -7"><span class='ocrx_word' id='word_1_405' title='bbox 1185 479 1219 514; x_wconf 68' lang='lat' dir='ltr'><strong>S&lt;</strong></span> <span class='ocrx_word' id='word_1_406' title='bbox 1234 479 1395 521; x_wconf 53' lang='lat' dir='ltr'><strong>&amp;enodi-ax</strong></span> <span class='ocrx_word' id='word_1_407' title='bbox 1415 478 1456 513; x_wconf 82' lang='lat' dir='ltr'><strong>ab</strong></span> <span class='ocrx_word' id='word_1_408' title='bbox 1474 479 1544 513; x_wconf 84' lang='lat' dir='ltr'><strong>aliis</strong></span> <span class='ocrx_word' id='word_1_409' title='bbox 1562 491 1801 516; x_wconf 81' lang='lat' dir='ltr'><strong>memorantur</strong></span> <span class='ocrx_word' id='word_1_410' title='bbox 1813 493 1855 516; x_wconf 85' lang='lat' dir='ltr'><strong>ex</strong></span> <span class='ocrx_word' id='word_1_411' title='bbox 1874 481 1994 516; x_wconf 82' lang='lat' dir='ltr'><strong>Philo-</strong></span> 
     </span>
     <span class='ocr_line' id='line_1_67' title="bbox 1185 527 1915 576; baseline 0 -12"><span class='ocrx_word' id='word_1_412' title='bbox 1185 529 1298 564; x_wconf 83' lang='lat' dir='ltr'><strong>strato.</strong></span> <span class='ocrx_word' id='word_1_413' title='bbox 1326 528 1441 563; x_wconf 69' lang='lat' dir='ltr'><strong>Etiam</strong></span> <span class='ocrx_word' id='word_1_414' title='bbox 1460 539 1494 572; x_wconf 72' lang='lat' dir='ltr'><strong>z,</strong></span> <span class='ocrx_word' id='word_1_415' title='bbox 1517 538 1580 571; x_wconf 89' lang='lat'><strong>171</strong></span> <span class='ocrx_word' id='word_1_416' title='bbox 1599 527 1675 564; x_wconf 78' lang='lat' dir='ltr'><strong>sunt</strong></span> <span class='ocrx_word' id='word_1_417' title='bbox 1694 530 1915 576; x_wconf 50' lang='grc' dir='ltr'>Θεσμοφόρω.</span> 
     </span>
    </p>

    <p class='ocr_par' dir='ltr' id='par_1_7' title="bbox 1187 576 1995 675">
     <span class='ocr_line' id='line_1_68' title="bbox 1240 576 1995 626; baseline 0.003 -14"><span class='ocrx_word' id='word_1_418' title='bbox 1240 588 1361 620; x_wconf 82' lang='lat' dir='ltr'><strong>19‚z9.</strong></span> <span class='ocrx_word' id='word_1_419' title='bbox 1388 576 1564 624; x_wconf 51' lang='grc' dir='ltr'><strong>Βελίμῇυθ</strong></span> <span class='ocrx_word' id='word_1_420' title='bbox 1575 577 1801 626; x_wconf 50' lang='grc' dir='ltr'><strong>χαρίσασθαι]</strong></span> <span class='ocrx_word' id='word_1_421' title='bbox 1827 580 1995 626; x_wconf 48' lang='lat' dir='ltr'><strong><em>Maxa-</em></strong></span> 
     </span>
     <span class='ocr_line' id='line_1_69' title="bbox 1187 626 1333 675; baseline -0.007 -13"><span class='ocrx_word' id='word_1_422' title='bbox 1187 626 1333 675; x_wconf 61' lang='grc' dir='ltr'><em>ω’ζεσθοα.</em></span> 
     </span>
    </p>

    <p class='ocr_par' dir='ltr' id='par_1_8' title="bbox 1185 675 2002 1411">
     <span class='ocr_line' id='line_1_70' title="bbox 1240 675 1995 724; baseline 0 -13"><span class='ocrx_word' id='word_1_423' title='bbox 1240 688 1294 719; x_wconf 85' lang='lat'><strong>19,</strong></span> <span class='ocrx_word' id='word_1_424' title='bbox 1311 686 1369 721; x_wconf 84' lang='lat'><strong>42.</strong></span> <span class='ocrx_word' id='word_1_425' title='bbox 1400 678 1525 722; x_wconf 55' lang='grc' dir='ltr'><em>δμοίως</em></span> <span class='ocrx_word' id='word_1_426' title='bbox 1549 680 1573 724; x_wconf 57' lang='lat'><strong>&#39;35</strong></span> <span class='ocrx_word' id='word_1_427' title='bbox 1602 676 1731 722; x_wconf 68' lang='grc' dir='ltr'><em>αέχμῖυ)</em></span> <span class='ocrx_word' id='word_1_428' title='bbox 1754 675 1865 723; x_wconf 66' lang='grc' dir='ltr'><em>ςερεῖυ)</em></span> <span class='ocrx_word' id='word_1_429' title='bbox 1888 679 1995 711; x_wconf 74' lang='grc' dir='ltr'><strong>ποῖα-ειν</strong></span> 
     </span>
     <span class='ocr_line' id='line_1_71' title="bbox 1185 724 1995 774; baseline 0.004 -17"><span class='ocrx_word' id='word_1_430' title='bbox 1185 727 1323 770; x_wconf 54' lang='lat' dir='ltr'><strong>mucram</strong></span> <span class='ocrx_word' id='word_1_431' title='bbox 1341 729 1365 774; x_wconf 57' lang='lat' dir='ltr'><strong>&gt;g</strong></span> <span class='ocrx_word' id='word_1_432' title='bbox 1385 727 1416 759; x_wconf 68' lang='grc' dir='ltr'><strong>τὸ</strong></span> <span class='ocrx_word' id='word_1_433' title='bbox 1442 725 1566 772; x_wconf 51' lang='lat' dir='ltr'><strong>gosem]</strong></span> <span class='ocrx_word' id='word_1_434' title='bbox 1605 726 1817 773; x_wconf 86' lang='lat' dir='ltr'><strong>Importunis</strong></span> <span class='ocrx_word' id='word_1_435' title='bbox 1833 724 1944 759; x_wconf 88' lang='lat' dir='ltr'><strong>modis</strong></span> <span class='ocrx_word' id='word_1_436' title='bbox 1959 725 1995 760; x_wconf 89' lang='lat' dir='ltr'><strong>in</strong></span> 
     </span>
     <span class='ocr_line' id='line_1_72' title="bbox 1187 773 1995 822; baseline 0.001 -15"><span class='ocrx_word' id='word_1_437' title='bbox 1187 774 1254 808; x_wconf 85' lang='lat' dir='ltr'><strong>hoc</strong></span> <span class='ocrx_word' id='word_1_438' title='bbox 1280 774 1359 808; x_wconf 91' lang='lat' dir='ltr'><strong>loco</strong></span> <span class='ocrx_word' id='word_1_439' title='bbox 1385 774 1475 808; x_wconf 78' lang='lat' dir='ltr'><strong>laudi</strong></span> <span class='ocrx_word' id='word_1_440' title='bbox 1500 773 1566 809; x_wconf 71' lang='lat' dir='ltr'><strong>suae</strong></span> <span class='ocrx_word' id='word_1_441' title='bbox 1598 776 1743 822; x_wconf 87' lang='lat' dir='ltr'><strong>eripitur</strong></span> <span class='ocrx_word' id='word_1_442' title='bbox 1771 774 1995 819; x_wconf 86' lang='lat' dir='ltr'><strong>Herodotus,</strong></span> 
     </span>
     <span class='ocr_line' id='line_1_73' title="bbox 1185 821 1995 873; baseline 0.002 -17"><span class='ocrx_word' id='word_1_443' title='bbox 1185 822 1279 869; x_wconf 84' lang='lat' dir='ltr'><strong>quod</strong></span> <span class='ocrx_word' id='word_1_444' title='bbox 1303 821 1365 856; x_wconf 84' lang='lat' dir='ltr'><strong>etfi</strong></span> <span class='ocrx_word' id='word_1_445' title='bbox 1392 823 1613 859; x_wconf 86' lang='lat' dir='ltr'><strong>conniventes</strong></span> <span class='ocrx_word' id='word_1_446' title='bbox 1640 824 1908 873; x_wconf 80' lang='lat' dir='ltr'><strong>praetermittant</strong></span> <span class='ocrx_word' id='word_1_447' title='bbox 1931 823 1995 858; x_wconf 90' lang='lat' dir='ltr'><strong>viri</strong></span> 
     </span>
     <span class='ocr_line' id='line_1_74' title="bbox 1186 870 1996 922; baseline 0.004 -17"><span class='ocrx_word' id='word_1_448' title='bbox 1186 870 1280 906; x_wconf 71' lang='lat' dir='ltr'><strong>doffi</strong></span> <span class='ocrx_word' id='word_1_449' title='bbox 1297 895 1309 914; x_wconf 73' lang='lat'>,</span> <span class='ocrx_word' id='word_1_450' title='bbox 1335 870 1518 907; x_wconf 86' lang='lat' dir='ltr'><strong>ostendunt</strong></span> <span class='ocrx_word' id='word_1_451' title='bbox 1543 872 1625 908; x_wconf 89' lang='lat' dir='ltr'><strong>sein</strong></span> <span class='ocrx_word' id='word_1_452' title='bbox 1652 874 1762 922; x_wconf 82' lang='lat' dir='ltr'><strong>parvis</strong></span> <span class='ocrx_word' id='word_1_453' title='bbox 1788 882 1906 908; x_wconf 86' lang='lat' dir='ltr'><strong>acutos</strong></span> <span class='ocrx_word' id='word_1_454' title='bbox 1922 897 1934 916; x_wconf 92' lang='lat'>‚</span> <span class='ocrx_word' id='word_1_455' title='bbox 1959 872 1996 907; x_wconf 91' lang='lat' dir='ltr'><strong>in</strong></span> 
     </span>
     <span class='ocr_line' id='line_1_75' title="bbox 1189 919 1997 970; baseline 0.002 -16"><span class='ocrx_word' id='word_1_456' title='bbox 1189 919 1373 968; x_wconf 78' lang='lat' dir='ltr'><strong>majoribus</strong></span> <span class='ocrx_word' id='word_1_457' title='bbox 1400 922 1563 956; x_wconf 80' lang='lat' dir='ltr'><strong>caecutire</strong></span> <span class='ocrx_word' id='word_1_458' title='bbox 1577 948 1589 966; x_wconf 67' lang='lat' dir='ltr'>a</span> <span class='ocrx_word' id='word_1_459' title='bbox 1620 922 1682 958; x_wconf 77' lang='lat' dir='ltr'><strong>etii</strong></span> <span class='ocrx_word' id='word_1_460' title='bbox 1715 922 1814 957; x_wconf 82' lang='lat' dir='ltr'><strong>rebus</strong></span> <span class='ocrx_word' id='word_1_461' title='bbox 1847 921 1997 970; x_wconf 87' lang='lat' dir='ltr'><strong>probent</strong></span> 
     </span>
     <span class='ocr_line' id='line_1_76' title="bbox 1189 968 1996 1006; baseline 0 -2"><span class='ocrx_word' id='word_1_462' title='bbox 1189 970 1264 1004; x_wconf 84' lang='lat' dir='ltr'><strong>haec</strong></span> <span class='ocrx_word' id='word_1_463' title='bbox 1282 969 1397 1003; x_wconf 81' lang='lat' dir='ltr'><strong>omnia</strong></span> <span class='ocrx_word' id='word_1_464' title='bbox 1413 968 1542 1004; x_wconf 78' lang='lat' dir='ltr'><strong>affatim</strong></span> <span class='ocrx_word' id='word_1_465' title='bbox 1560 971 1601 1005; x_wconf 79' lang='lat' dir='ltr'><strong>ab</strong></span> <span class='ocrx_word' id='word_1_466' title='bbox 1616 972 1662 1006; x_wconf 84' lang='lat' dir='ltr'><strong>eis</strong></span> <span class='ocrx_word' id='word_1_467' title='bbox 1679 972 1871 1006; x_wconf 76' lang='lat' dir='ltr'><strong>examinata</strong></span> <span class='ocrx_word' id='word_1_468' title='bbox 1888 970 1996 1006; x_wconf 71' lang='lat' dir='ltr'><strong>fuiss‘e.</strong></span> 
     </span>
     <span class='ocr_line' id='line_1_77' title="bbox 1187 1017 1998 1068; baseline 0.002 -15"><span class='ocrx_word' id='word_1_469' title='bbox 1187 1018 1285 1064; x_wconf 90' lang='lat' dir='ltr'><strong>Quid</strong></span> <span class='ocrx_word' id='word_1_470' title='bbox 1301 1018 1391 1052; x_wconf 86' lang='lat' dir='ltr'><strong>enim</strong></span> <span class='ocrx_word' id='word_1_471' title='bbox 1410 1017 1451 1053; x_wconf 82' lang='lat' dir='ltr'><strong>fit</strong></span> <span class='ocrx_word' id='word_1_472' title='bbox 1465 1030 1509 1053; x_wconf 83' lang='lat' dir='ltr'><strong>ex</strong></span> <span class='ocrx_word' id='word_1_473' title='bbox 1526 1017 1594 1054; x_wconf 80' lang='lat' dir='ltr'><strong>fide</strong></span> <span class='ocrx_word' id='word_1_474' title='bbox 1618 1021 1846 1068; x_wconf 88' lang='lat' dir='ltr'><strong>interpretum</strong></span> <span class='ocrx_word' id='word_1_475' title='bbox 1863 1020 1876 1054; x_wconf 93' lang='lat'>?</span> <span class='ocrx_word' id='word_1_476' title='bbox 1900 1032 1998 1055; x_wconf 89' lang='lat' dir='ltr'><strong>nem-</strong></span> 
     </span>
     <span class='ocr_line' id='line_1_78' title="bbox 1188 1067 1998 1117; baseline 0.002 -15"><span class='ocrx_word' id='word_1_477' title='bbox 1188 1080 1231 1117; x_wconf 91' lang='lat' dir='ltr'><strong>pe</strong></span> <span class='ocrx_word' id='word_1_478' title='bbox 1246 1067 1396 1102; x_wconf 89' lang='lat' dir='ltr'><strong>creditur</strong></span> <span class='ocrx_word' id='word_1_479' title='bbox 1413 1068 1538 1102; x_wconf 83' lang='lat' dir='ltr'><strong>narrari</strong></span> <span class='ocrx_word' id='word_1_480' title='bbox 1554 1068 1712 1103; x_wconf 74' lang='lat' dir='ltr'><strong>Croesum</strong></span> <span class='ocrx_word' id='word_1_481' title='bbox 1728 1068 1900 1104; x_wconf 82' lang='lat' dir='ltr'><strong>donavisse</strong></span> <span class='ocrx_word' id='word_1_482' title='bbox 1910 1068 1998 1104; x_wconf 58' lang='lat' dir='ltr'><strong>Am⁴</strong></span> 
     </span>
     <span class='ocr_line' id='line_1_79' title="bbox 1188 1116 1997 1166; baseline 0.002 -16"><span class='ocrx_word' id='word_1_483' title='bbox 1188 1118 1327 1166; x_wconf 82' lang='lat' dir='ltr'><strong>phiarao</strong></span> <span class='ocrx_word' id='word_1_484' title='bbox 1347 1116 1507 1165; x_wconf 88' lang='lat' dir='ltr'><strong>clypeum</strong></span> <span class='ocrx_word' id='word_1_485' title='bbox 1532 1128 1574 1151; x_wconf 79' lang='lat' dir='ltr'><strong>ex</strong></span> <span class='ocrx_word' id='word_1_486' title='bbox 1597 1129 1679 1153; x_wconf 80' lang='lat' dir='ltr'><strong>auro</strong></span> <span class='ocrx_word' id='word_1_487' title='bbox 1695 1127 1811 1153; x_wconf 88' lang='lat' dir='ltr'><strong>totum</strong></span> <span class='ocrx_word' id='word_1_488' title='bbox 1829 1142 1841 1161; x_wconf 92' lang='lat'><strong>‚</strong></span> <span class='ocrx_word' id='word_1_489' title='bbox 1868 1126 1997 1152; x_wconf 82' lang='lat' dir='ltr'><strong>totam-</strong></span> 
     </span>
     <span class='ocr_line' id='line_1_80' title="bbox 1188 1165 1999 1215; baseline 0.001 -14"><span class='ocrx_word' id='word_1_490' title='bbox 1188 1178 1254 1214; x_wconf 91' lang='lat' dir='ltr'><strong>que</strong></span> <span class='ocrx_word' id='word_1_491' title='bbox 1271 1177 1314 1199; x_wconf 85' lang='lat' dir='ltr'><strong>ex</strong></span> <span class='ocrx_word' id='word_1_492' title='bbox 1330 1177 1412 1199; x_wconf 89' lang='lat' dir='ltr'><strong>auro</strong></span> <span class='ocrx_word' id='word_1_493' title='bbox 1430 1165 1538 1200; x_wconf 88' lang='lat' dir='ltr'><strong>solido</strong></span> <span class='ocrx_word' id='word_1_494' title='bbox 1555 1165 1748 1211; x_wconf 75' lang='lat' dir='ltr'><strong>hastam‚&amp;</strong></span> <span class='ocrx_word' id='word_1_495' title='bbox 1762 1166 1900 1215; x_wconf 89' lang='lat' dir='ltr'><strong>xystum</strong></span> <span class='ocrx_word' id='word_1_496' title='bbox 1916 1178 1999 1202; x_wconf 89' lang='lat' dir='ltr'><strong>cum</strong></span> 
     </span>
     <span class='ocr_line' id='line_1_81' title="bbox 1187 1214 2001 1264; baseline -0.001 -13"><span class='ocrx_word' id='word_1_497' title='bbox 1187 1216 1250 1251; x_wconf 91' lang='lat' dir='ltr'><strong>suis</strong></span> <span class='ocrx_word' id='word_1_498' title='bbox 1271 1214 1393 1263; x_wconf 80' lang='lat' dir='ltr'><strong>jaculis</strong></span> <span class='ocrx_word' id='word_1_499' title='bbox 1426 1219 1512 1262; x_wconf 89' lang='lat' dir='ltr'><strong>(pro</strong></span> <span class='ocrx_word' id='word_1_500' title='bbox 1536 1215 1658 1263; x_wconf 86' lang='lat' dir='ltr'><strong>quibus</strong></span> <span class='ocrx_word' id='word_1_501' title='bbox 1685 1224 1832 1264; x_wconf 86' lang='lat' dir='ltr'><strong>quatuor</strong></span> <span class='ocrx_word' id='word_1_502' title='bbox 1854 1215 2001 1251; x_wconf 90' lang='lat' dir='ltr'><strong>vocibus</strong></span> 
     </span>
     <span class='ocr_line' id='line_1_82' title="bbox 1188 1261 2001 1313; baseline -0.002 -13"><span class='ocrx_word' id='word_1_503' title='bbox 1188 1262 1371 1313; x_wconf 70' lang='lat' dir='ltr'><strong>suppofitae</strong></span> <span class='ocrx_word' id='word_1_504' title='bbox 1393 1261 1469 1298; x_wconf 87' lang='lat' dir='ltr'><strong>sunt</strong></span> <span class='ocrx_word' id='word_1_505' title='bbox 1492 1262 1534 1298; x_wconf 83' lang='lat' dir='ltr'><strong>ab</strong></span> <span class='ocrx_word' id='word_1_506' title='bbox 1557 1264 1734 1312; x_wconf 85' lang='lat' dir='ltr'><strong>Stephano</strong></span> <span class='ocrx_word' id='word_1_507' title='bbox 1749 1290 1762 1310; x_wconf 84' lang='lat'><em>‚</em></span> <span class='ocrx_word' id='word_1_508' title='bbox 1787 1263 1900 1309; x_wconf 81' lang='lat' dir='ltr'><strong>hastile</strong></span> <span class='ocrx_word' id='word_1_509' title='bbox 1924 1276 2001 1298; x_wconf 82' lang='lat' dir='ltr'><strong>cum</strong></span> 
     </span>
     <span class='ocr_line' id='line_1_83' title="bbox 1187 1312 2000 1361; baseline 0.002 -14"><span class='ocrx_word' id='word_1_510' title='bbox 1187 1314 1252 1357; x_wconf 76' lang='lat' dir='ltr'><strong>fuis</strong></span> <span class='ocrx_word' id='word_1_511' title='bbox 1259 1313 1410 1359; x_wconf 73' lang='lat' dir='ltr'><strong>spiculis,</strong></span> <span class='ocrx_word' id='word_1_512' title='bbox 1427 1322 1530 1359; x_wconf 86' lang='lat' dir='ltr'><strong>prout</strong></span> <span class='ocrx_word' id='word_1_513' title='bbox 1547 1325 1685 1361; x_wconf 90' lang='lat' dir='ltr'><strong>quoque</strong></span> <span class='ocrx_word' id='word_1_514' title='bbox 1700 1315 1833 1361; x_wconf 86' lang='lat' dir='ltr'><strong>recepit</strong></span> <span class='ocrx_word' id='word_1_515' title='bbox 1849 1314 1885 1348; x_wconf 89' lang='lat' dir='ltr'><strong>in</strong></span> <span class='ocrx_word' id='word_1_516' title='bbox 1901 1312 2000 1350; x_wconf 86' lang='lat' dir='ltr'><strong>suum</strong></span> 
     </span>
     <span class='ocr_line' id='line_1_84' title="bbox 1190 1360 2002 1411; baseline -0.002 -13"><span class='ocrx_word' id='word_1_517' title='bbox 1190 1362 1360 1411; x_wconf 81' lang='lat' dir='ltr'><strong>specimen</strong></span> <span class='ocrx_word' id='word_1_518' title='bbox 1368 1360 1582 1404; x_wconf 83' lang='lat' dir='ltr'><strong>Fridericus)</strong></span> <span class='ocrx_word' id='word_1_519' title='bbox 1597 1364 1703 1398; x_wconf 86' lang='lat' dir='ltr'><strong>Porto</strong></span> <span class='ocrx_word' id='word_1_520' title='bbox 1721 1362 1926 1398; x_wconf 78' lang='lat' dir='ltr'><strong>admittente</strong></span> <span class='ocrx_word' id='word_1_521' title='bbox 1940 1361 2002 1396; x_wconf 84' lang='lat' dir='ltr'><strong>ha-</strong></span> 
     </span>
    </p>
   </div>
   <div class='ocr_carea' id='block_1_6' title="bbox 1185 1411 2001 1456">
    <p class='ocr_par' dir='ltr' id='par_1_9' title="bbox 1185 1411 2001 1456">
     <span class='ocr_line' id='line_1_85' title="bbox 1185 1411 2001 1456; baseline 0.004 -12"><span class='ocrx_word' id='word_1_522' title='bbox 1185 1414 1255 1456; x_wconf 78' lang='lat' dir='ltr'><strong>stile</strong></span> <span class='ocrx_word' id='word_1_523' title='bbox 1270 1437 1282 1456; x_wconf 82' lang='lat'>,</span> <span class='ocrx_word' id='word_1_524' title='bbox 1309 1412 1345 1445; x_wconf 89' lang='lat' dir='ltr'><strong>in</strong></span> <span class='ocrx_word' id='word_1_525' title='bbox 1363 1414 1498 1456; x_wconf 65' lang='grc' dir='ltr'><strong>αἰχμαῖς</strong></span> <span class='ocrx_word' id='word_1_526' title='bbox 1514 1424 1585 1446; x_wconf 91' lang='lat' dir='ltr'><strong>non</strong></span> <span class='ocrx_word' id='word_1_527' title='bbox 1611 1411 1673 1446; x_wconf 86' lang='lat' dir='ltr'><strong>nifi</strong></span> <span class='ocrx_word' id='word_1_528' title='bbox 1690 1412 1810 1451; x_wconf 72' lang='lat' dir='ltr'><strong>hallam</strong></span> <span class='ocrx_word' id='word_1_529' title='bbox 1826 1411 2001 1448; x_wconf 88' lang='lat' dir='ltr'><strong>noscente.</strong></span> 
     </span>
    </p>
   </div>
   <div class='ocr_carea' id='block_1_7' title="bbox 1190 1459 2035 3159">
    <p class='ocr_par' dir='ltr' id='par_1_10' title="bbox 1190 1459 2035 2830">
     <span class='ocr_line' id='line_1_86' title="bbox 1191 1459 2001 1505; baseline 0.001 -10"><span class='ocrx_word' id='word_1_530' title='bbox 1191 1460 1369 1495; x_wconf 83' lang='lat' dir='ltr'><strong>Caeterum</strong></span> <span class='ocrx_word' id='word_1_531' title='bbox 1388 1460 1499 1505; x_wconf 71' lang='lat' dir='ltr'><strong>maior</strong></span> <span class='ocrx_word' id='word_1_532' title='bbox 1521 1459 1643 1496; x_wconf 71' lang='lat' dir='ltr'><strong>inlidet</strong></span> <span class='ocrx_word' id='word_1_533' title='bbox 1658 1460 1851 1496; x_wconf 83' lang='lat' dir='ltr'><strong>difficultas.</strong></span> <span class='ocrx_word' id='word_1_534' title='bbox 1901 1461 2001 1497; x_wconf 86' lang='lat' dir='ltr'><strong>Nam</strong></span> 
     </span>
     <span class='ocr_line' id='line_1_87' title="bbox 1190 1508 2002 1557; baseline 0.002 -13"><span class='ocrx_word' id='word_1_535' title='bbox 1190 1508 1337 1556; x_wconf 90' lang='lat' dir='ltr'><strong>quisquis</strong></span> <span class='ocrx_word' id='word_1_536' title='bbox 1361 1519 1396 1541; x_wconf 84' lang='lat' dir='ltr'><strong>es</strong></span> <span class='ocrx_word' id='word_1_537' title='bbox 1412 1530 1424 1550; x_wconf 89' lang='lat'>,</span> <span class='ocrx_word' id='word_1_538' title='bbox 1450 1508 1508 1554; x_wconf 86' lang='lat' dir='ltr'><strong>qui</strong></span> <span class='ocrx_word' id='word_1_539' title='bbox 1534 1509 1619 1557; x_wconf 87' lang='lat' dir='ltr'><strong>legis</strong></span> <span class='ocrx_word' id='word_1_540' title='bbox 1635 1532 1647 1553; x_wconf 80' lang='grc'>,</span> <span class='ocrx_word' id='word_1_541' title='bbox 1672 1519 1707 1543; x_wconf 91' lang='lat' dir='ltr'><strong>te</strong></span> <span class='ocrx_word' id='word_1_542' title='bbox 1732 1521 1820 1557; x_wconf 87' lang='lat' dir='ltr'><strong>rogo</strong></span> <span class='ocrx_word' id='word_1_543' title='bbox 1839 1532 1851 1554; x_wconf 80' lang='lat'><strong>,</strong></span> <span class='ocrx_word' id='word_1_544' title='bbox 1876 1522 1920 1545; x_wconf 89' lang='lat' dir='ltr'><strong>an</strong></span> <span class='ocrx_word' id='word_1_545' title='bbox 1943 1510 2002 1546; x_wconf 87' lang='lat' dir='ltr'><strong>illa</strong></span> 
     </span>
     <span class='ocr_line' id='line_1_88' title="bbox 1192 1556 2002 1606; baseline 0.004 -13"><span class='ocrx_word' id='word_1_546' title='bbox 1192 1570 1269 1606; x_wconf 87' lang='lat' dir='ltr'><strong>quae</strong></span> <span class='ocrx_word' id='word_1_547' title='bbox 1295 1556 1541 1601; x_wconf 83' lang='lat' dir='ltr'><strong>annumeravi,</strong></span> <span class='ocrx_word' id='word_1_548' title='bbox 1565 1569 1636 1591; x_wconf 90' lang='lat' dir='ltr'><strong>non</strong></span> <span class='ocrx_word' id='word_1_549' title='bbox 1661 1556 1837 1604; x_wconf 86' lang='lat' dir='ltr'><strong>perspicue</strong></span> <span class='ocrx_word' id='word_1_550' title='bbox 1861 1568 1921 1594; x_wconf 85' lang='lat' dir='ltr'><strong>aut</strong></span> <span class='ocrx_word' id='word_1_551' title='bbox 1934 1560 2002 1597; x_wconf 82' lang='lat' dir='ltr'><strong>tria</strong></span> 
     </span>
     <span class='ocr_line' id='line_1_89' title="bbox 1193 1604 2002 1653; baseline 0.002 -11"><span class='ocrx_word' id='word_1_552' title='bbox 1193 1608 1268 1642; x_wconf 86' lang='lat' dir='ltr'><strong>sunt</strong></span> <span class='ocrx_word' id='word_1_553' title='bbox 1284 1615 1342 1641; x_wconf 86' lang='lat' dir='ltr'><strong>aut</strong></span> <span class='ocrx_word' id='word_1_554' title='bbox 1358 1617 1421 1653; x_wconf 92' lang='lat' dir='ltr'><strong>pro</strong></span> <span class='ocrx_word' id='word_1_555' title='bbox 1437 1605 1609 1651; x_wconf 84' lang='lat' dir='ltr'><strong>quaternis</strong></span> <span class='ocrx_word' id='word_1_556' title='bbox 1626 1604 1809 1640; x_wconf 87' lang='lat' dir='ltr'><strong>habenda?</strong></span> <span class='ocrx_word' id='word_1_557' title='bbox 1834 1605 1871 1641; x_wconf 85' lang='lat'>&amp;</span> <span class='ocrx_word' id='word_1_558' title='bbox 1886 1616 2002 1644; x_wconf 85' lang='lat' dir='ltr'><strong>tamen</strong></span> 
     </span>
     <span class='ocr_line' id='line_1_90' title="bbox 1193 1652 2035 1701; baseline -0.004 -9"><span class='ocrx_word' id='word_1_559' title='bbox 1193 1657 1278 1692; x_wconf 90' lang='lat' dir='ltr'><strong>dicit</strong></span> <span class='ocrx_word' id='word_1_560' title='bbox 1305 1653 1507 1692; x_wconf 86' lang='lat' dir='ltr'><strong>Herodotus</strong></span> <span class='ocrx_word' id='word_1_561' title='bbox 1536 1654 1643 1690; x_wconf 91' lang='lat' dir='ltr'><strong>modo</strong></span> <span class='ocrx_word' id='word_1_562' title='bbox 1668 1654 1710 1689; x_wconf 77' lang='grc' dir='ltr'><strong>τοὶ</strong></span> <span class='ocrx_word' id='word_1_563' title='bbox 1735 1652 1912 1701; x_wconf 62' lang='grc' dir='ltr'><strong>οἱμφὸτεςςε</strong></span> <span class='ocrx_word' id='word_1_564' title='bbox 1929 1682 1938 1695; x_wconf 91' lang='grc'><em>,</em></span> <span class='ocrx_word' id='word_1_565' title='bbox 1967 1655 2005 1693; x_wconf 68' lang='grc' dir='ltr'><strong>ὃς</strong></span> <span class='ocrx_word' id='word_1_566' title='bbox 2028 1652 2035 1660; x_wconf 82' lang='grc'><strong><em>’</em></strong></span> 
     </span>
     <span class='ocr_line' id='line_1_91' title="bbox 1194 1701 2006 1752; baseline -0.002 -11"><span class='ocrx_word' id='word_1_567' title='bbox 1194 1714 1334 1743; x_wconf 89' lang='lat' dir='ltr'><strong>vertunt</strong></span> <span class='ocrx_word' id='word_1_568' title='bbox 1349 1702 1411 1752; x_wconf 79' lang='lat' dir='ltr'><strong>ipsi</strong></span> <span class='ocrx_word' id='word_1_569' title='bbox 1426 1715 1490 1748; x_wconf 79' lang='lat' dir='ltr'><strong>quae</strong></span> <span class='ocrx_word' id='word_1_570' title='bbox 1505 1703 1605 1739; x_wconf 78' lang='lat' dir='ltr'><strong>ambo.</strong></span> <span class='ocrx_word' id='word_1_571' title='bbox 1631 1707 1722 1745; x_wconf 84' lang='lat' dir='ltr'><strong>Quae</strong></span> <span class='ocrx_word' id='word_1_572' title='bbox 1737 1704 1916 1752; x_wconf 88' lang='lat' dir='ltr'><strong>quomodo</strong></span> <span class='ocrx_word' id='word_1_573' title='bbox 1926 1701 2006 1739; x_wconf 88' lang='lat' dir='ltr'><strong>fim-</strong></span> 
     </span>
     <span class='ocr_line' id='line_1_92' title="bbox 1196 1752 2007 1805; baseline -0.001 -14"><span class='ocrx_word' id='word_1_574' title='bbox 1196 1754 1343 1805; x_wconf 83' lang='lat' dir='ltr'><strong>plieitati</strong></span> <span class='ocrx_word' id='word_1_575' title='bbox 1360 1752 1533 1800; x_wconf 87' lang='lat' dir='ltr'><strong>scriptoris</strong></span> <span class='ocrx_word' id='word_1_576' title='bbox 1552 1754 1652 1803; x_wconf 89' lang='lat' dir='ltr'><strong>hujus</strong></span> <span class='ocrx_word' id='word_1_577' title='bbox 1669 1752 1905 1789; x_wconf 86' lang='lat' dir='ltr'><strong>conveniunt?</strong></span> <span class='ocrx_word' id='word_1_578' title='bbox 1930 1753 2007 1790; x_wconf 83' lang='lat' dir='ltr'><strong>Ubi</strong></span> 
     </span>
     <span class='ocr_line' id='line_1_93' title="bbox 1195 1802 2008 1852; baseline -0.002 -11"><span class='ocrx_word' id='word_1_579' title='bbox 1195 1814 1289 1841; x_wconf 91' lang='lat' dir='ltr'><strong>certe</strong></span> <span class='ocrx_word' id='word_1_580' title='bbox 1307 1815 1377 1838; x_wconf 89' lang='lat' dir='ltr'><strong>non</strong></span> <span class='ocrx_word' id='word_1_581' title='bbox 1400 1802 1498 1836; x_wconf 85' lang='lat' dir='ltr'><strong>aliter</strong></span> <span class='ocrx_word' id='word_1_582' title='bbox 1512 1804 1584 1852; x_wconf 85' lang='lat' dir='ltr'><strong>agit</strong></span> <span class='ocrx_word' id='word_1_583' title='bbox 1601 1828 1611 1846; x_wconf 90' lang='lat'>,</span> <span class='ocrx_word' id='word_1_584' title='bbox 1638 1814 1740 1851; x_wconf 82' lang='lat' dir='ltr'><strong>quam</strong></span> <span class='ocrx_word' id='word_1_585' title='bbox 1758 1802 1860 1851; x_wconf 91' lang='lat' dir='ltr'><strong>paulo</strong></span> <span class='ocrx_word' id='word_1_586' title='bbox 1876 1802 1953 1851; x_wconf 87' lang='lat' dir='ltr'><strong>post</strong></span> <span class='ocrx_word' id='word_1_587' title='bbox 1970 1804 2008 1840; x_wconf 88' lang='lat' dir='ltr'><strong>in</strong></span> 
     </span>
     <span class='ocr_line' id='line_1_94' title="bbox 1196 1851 2009 1902; baseline -0.002 -12"><span class='ocrx_word' id='word_1_588' title='bbox 1196 1855 1309 1902; x_wconf 86' lang='lat' dir='ltr'><strong>capite</strong></span> <span class='ocrx_word' id='word_1_589' title='bbox 1340 1851 1492 1900; x_wconf 84' lang='lat' dir='ltr'><strong>sequenti</strong></span> <span class='ocrx_word' id='word_1_590' title='bbox 1509 1877 1521 1897; x_wconf 85' lang='lat'>‚</span> <span class='ocrx_word' id='word_1_591' title='bbox 1548 1854 1626 1900; x_wconf 76' lang='lat' dir='ltr'><strong>quia</strong></span> <span class='ocrx_word' id='word_1_592' title='bbox 1649 1864 1741 1887; x_wconf 91' lang='lat' dir='ltr'><strong>nunc</strong></span> <span class='ocrx_word' id='word_1_593' title='bbox 1771 1861 2009 1888; x_wconf 83' lang='lat' dir='ltr'><strong>memorantur</strong></span> 
     </span>
     <span class='ocr_line' id='line_1_95' title="bbox 1196 1900 2007 1950; baseline -0.002 -11"><span class='ocrx_word' id='word_1_594' title='bbox 1196 1902 1332 1939; x_wconf 83' lang='lat' dir='ltr'><strong>oracula</strong></span> <span class='ocrx_word' id='word_1_595' title='bbox 1349 1901 1418 1936; x_wconf 90' lang='lat' dir='ltr'><strong>duo</strong></span> <span class='ocrx_word' id='word_1_596' title='bbox 1435 1901 1650 1949; x_wconf 89' lang='lat' dir='ltr'><strong>Delphicum</strong></span> <span class='ocrx_word' id='word_1_597' title='bbox 1669 1901 1705 1936; x_wconf 61' lang='grc' dir='ltr'><strong>ὃς</strong></span> <span class='ocrx_word' id='word_1_598' title='bbox 1718 1902 1939 1950; x_wconf 85' lang='lat' dir='ltr'><strong>Amphiarai,</strong></span> <span class='ocrx_word' id='word_1_599' title='bbox 1964 1900 2007 1937; x_wconf 87' lang='lat' dir='ltr'><strong>ad</strong></span> 
     </span>
     <span class='ocr_line' id='line_1_96' title="bbox 1196 1949 2007 2002; baseline -0.002 -14"><span class='ocrx_word' id='word_1_600' title='bbox 1196 1966 1273 2002; x_wconf 84' lang='lat' dir='ltr'><strong>quae</strong></span> <span class='ocrx_word' id='word_1_601' title='bbox 1290 1950 1382 1987; x_wconf 82' lang='lat' dir='ltr'><strong>misit</strong></span> <span class='ocrx_word' id='word_1_602' title='bbox 1398 1949 1537 1985; x_wconf 83' lang='lat' dir='ltr'><strong>Croesus</strong></span> <span class='ocrx_word' id='word_1_603' title='bbox 1555 1951 1644 1986; x_wconf 89' lang='lat' dir='ltr'><strong>dona</strong></span> <span class='ocrx_word' id='word_1_604' title='bbox 1659 1975 1671 1995; x_wconf 85' lang='grc'>,</span> <span class='ocrx_word' id='word_1_605' title='bbox 1697 1950 1776 1986; x_wconf 89' lang='lat' dir='ltr'><strong>ideo</strong></span> <span class='ocrx_word' id='word_1_606' title='bbox 1802 1951 1873 1986; x_wconf 93' lang='lat' dir='ltr'><strong>illic</strong></span> <span class='ocrx_word' id='word_1_607' title='bbox 1896 1949 2007 1986; x_wconf 85' lang='lat' dir='ltr'><strong>rursus</strong></span> 
     </span>
     <span class='ocr_line' id='line_1_97' title="bbox 1195 1999 2006 2052; baseline -0.002 -16"><span class='ocrx_word' id='word_1_608' title='bbox 1195 2002 1295 2052; x_wconf 81' lang='lat' dir='ltr'><strong>ponit</strong></span> <span class='ocrx_word' id='word_1_609' title='bbox 1311 2005 1337 2036; x_wconf 67' lang='lat' dir='ltr'><strong>“r‘&#39;</strong></span> <span class='ocrx_word' id='word_1_610' title='bbox 1355 2000 1374 2046; x_wconf 54' lang='grc' dir='ltr'>ὃ</span> <span class='ocrx_word' id='word_1_611' title='bbox 1391 2000 1532 2045; x_wconf 58' lang='grc' dir='ltr'><strong>μοινῖηΐων</strong></span> <span class='ocrx_word' id='word_1_612' title='bbox 1552 2001 1721 2047; x_wconf 66' lang='grc' dir='ltr'><em>οἱμφοΊὲρων</em></span> <span class='ocrx_word' id='word_1_613' title='bbox 1733 2000 1801 2036; x_wconf 68' lang='grc' dir='ltr'><strong>δίε.</strong></span> <span class='ocrx_word' id='word_1_614' title='bbox 1820 2000 1901 2035; x_wconf 79' lang='lat' dir='ltr'><strong>&amp;in</strong></span> <span class='ocrx_word' id='word_1_615' title='bbox 1915 1999 2006 2034; x_wconf 82' lang='lat' dir='ltr'><strong>libro</strong></span> 
     </span>
     <span class='ocr_line' id='line_1_98' title="bbox 1197 2047 2007 2097; baseline -0.005 -10"><span class='ocrx_word' id='word_1_616' title='bbox 1197 2064 1216 2087; x_wconf 89' lang='lat'><strong>2.</strong></span> <span class='ocrx_word' id='word_1_617' title='bbox 1239 2064 1270 2087; x_wconf 92' lang='lat' dir='ltr'><strong>c.</strong></span> <span class='ocrx_word' id='word_1_618' title='bbox 1297 2054 1363 2096; x_wconf 89' lang='lat'><strong>164</strong></span> <span class='ocrx_word' id='word_1_619' title='bbox 1380 2061 1485 2097; x_wconf 90' lang='lat' dir='ltr'><strong>quum</strong></span> <span class='ocrx_word' id='word_1_620' title='bbox 1503 2049 1741 2085; x_wconf 81' lang='lat' dir='ltr'><strong>nominavisset</strong></span> <span class='ocrx_word' id='word_1_621' title='bbox 1757 2049 1888 2097; x_wconf 87' lang='lat' dir='ltr'><strong>Aprien</strong></span> <span class='ocrx_word' id='word_1_622' title='bbox 1904 2047 1941 2083; x_wconf 87' lang='lat'>&amp;</span> <span class='ocrx_word' id='word_1_623' title='bbox 1956 2047 2007 2083; x_wconf 88' lang='lat' dir='ltr'><strong>A·</strong></span> 
     </span>
     <span class='ocr_line' id='line_1_99' title="bbox 1196 2097 2009 2145; baseline -0.006 -9"><span class='ocrx_word' id='word_1_624' title='bbox 1196 2100 1321 2144; x_wconf 78' lang='lat' dir='ltr'><strong>masin,</strong></span> <span class='ocrx_word' id='word_1_625' title='bbox 1340 2099 1450 2144; x_wconf 57' lang='lat' dir='ltr'><strong>{Wov‘lo</strong></span> <span class='ocrx_word' id='word_1_626' title='bbox 1466 2098 1644 2145; x_wconf 57' lang='grc' dir='ltr'><strong>ἀμφότεροι.</strong></span> <span class='ocrx_word' id='word_1_627' title='bbox 1672 2099 1803 2145; x_wconf 83' lang='lat' dir='ltr'><strong>Neque</strong></span> <span class='ocrx_word' id='word_1_628' title='bbox 1817 2097 1908 2132; x_wconf 77' lang='lat' dir='ltr'><strong>enim</strong></span> <span class='ocrx_word' id='word_1_629' title='bbox 1926 2108 2009 2144; x_wconf 83' lang='lat' dir='ltr'><strong>pro·</strong></span> 
     </span>
     <span class='ocr_line' id='line_1_100' title="bbox 1196 2145 2010 2197; baseline -0.007 -11"><span class='ocrx_word' id='word_1_630' title='bbox 1196 2150 1270 2186; x_wconf 88' lang='lat' dir='ltr'><strong>bari</strong></span> <span class='ocrx_word' id='word_1_631' title='bbox 1296 2147 1408 2197; x_wconf 90' lang='lat' dir='ltr'><strong>potest</strong></span> <span class='ocrx_word' id='word_1_632' title='bbox 1430 2147 1652 2182; x_wconf 84' lang='lat' dir='ltr'><strong>Herodotum</strong></span> <span class='ocrx_word' id='word_1_633' title='bbox 1678 2145 1696 2181; x_wconf 67' lang='lat' dir='ltr'><strong>a</strong></span> <span class='ocrx_word' id='word_1_634' title='bbox 1722 2157 1809 2181; x_wconf 92' lang='lat' dir='ltr'><strong>voce</strong></span> <span class='ocrx_word' id='word_1_635' title='bbox 1834 2146 2010 2192; x_wconf 61' lang='grc' dir='ltr'><strong>οἱμφάτεςρι</strong></span> 
     </span>
     <span class='ocr_line' id='line_1_101' title="bbox 1197 2194 2008 2246; baseline -0.007 -11"><span class='ocrx_word' id='word_1_636' title='bbox 1197 2197 1366 2246; x_wconf 82' lang='lat' dir='ltr'><strong>excepiffe</strong></span> <span class='ocrx_word' id='word_1_637' title='bbox 1381 2195 1541 2244; x_wconf 85' lang='lat' dir='ltr'><strong>clypeum</strong></span> <span class='ocrx_word' id='word_1_638' title='bbox 1557 2195 1663 2230; x_wconf 86' lang='lat' dir='ltr'><strong>solum</strong></span> <span class='ocrx_word' id='word_1_639' title='bbox 1680 2194 1734 2230; x_wconf 90' lang='lat' dir='ltr'><strong>vel</strong></span> <span class='ocrx_word' id='word_1_640' title='bbox 1749 2194 1910 2243; x_wconf 89' lang='lat' dir='ltr'><strong>clypeum</strong></span> <span class='ocrx_word' id='word_1_641' title='bbox 1926 2206 2008 2230; x_wconf 88' lang='lat' dir='ltr'><strong>cum</strong></span> 
     </span>
     <span class='ocr_line' id='line_1_102' title="bbox 1200 2243 2009 2291; baseline -0.007 -6"><span class='ocrx_word' id='word_1_642' title='bbox 1200 2248 1292 2285; x_wconf 83' lang='lat' dir='ltr'><strong>hasta</strong></span> <span class='ocrx_word' id='word_1_643' title='bbox 1308 2272 1320 2291; x_wconf 88' lang='lat'>‚</span> <span class='ocrx_word' id='word_1_644' title='bbox 1345 2245 1380 2280; x_wconf 68' lang='grc' dir='ltr'><strong>ὅτ.</strong></span> <span class='ocrx_word' id='word_1_645' title='bbox 1395 2253 1528 2279; x_wconf 84' lang='lat' dir='ltr'><strong>tantum</strong></span> <span class='ocrx_word' id='word_1_646' title='bbox 1550 2256 1623 2279; x_wconf 85' lang='lat' dir='ltr'><strong>eam</strong></span> <span class='ocrx_word' id='word_1_647' title='bbox 1648 2243 1794 2278; x_wconf 84' lang='lat' dir='ltr'><strong>retulisse</strong></span> <span class='ocrx_word' id='word_1_648' title='bbox 1820 2243 1862 2278; x_wconf 89' lang='lat' dir='ltr'><strong>ad</strong></span> <span class='ocrx_word' id='word_1_649' title='bbox 1879 2243 2009 2290; x_wconf 90' lang='lat' dir='ltr'><strong>postre-</strong></span> 
     </span>
     <span class='ocr_line' id='line_1_103' title="bbox 1203 2291 2011 2341; baseline -0.007 -8"><span class='ocrx_word' id='word_1_650' title='bbox 1203 2310 1259 2333; x_wconf 86' lang='lat' dir='ltr'><strong>ma</strong></span> <span class='ocrx_word' id='word_1_651' title='bbox 1274 2322 1285 2341; x_wconf 87' lang='lat'>‚</span> <span class='ocrx_word' id='word_1_652' title='bbox 1312 2294 1428 2331; x_wconf 81' lang='lat' dir='ltr'><strong>hastile</strong></span> <span class='ocrx_word' id='word_1_653' title='bbox 1445 2293 1480 2327; x_wconf 62' lang='grc' dir='ltr'><strong>ὃς</strong></span> <span class='ocrx_word' id='word_1_654' title='bbox 1498 2292 1623 2341; x_wconf 82' lang='lat' dir='ltr'><strong>spicula</strong></span> <span class='ocrx_word' id='word_1_655' title='bbox 1641 2318 1651 2336; x_wconf 90' lang='lat'>‚</span> <span class='ocrx_word' id='word_1_656' title='bbox 1678 2302 1735 2327; x_wconf 84' lang='lat' dir='ltr'><strong>aut</strong></span> <span class='ocrx_word' id='word_1_657' title='bbox 1760 2291 1803 2327; x_wconf 89' lang='lat' dir='ltr'><strong>ad</strong></span> <span class='ocrx_word' id='word_1_658' title='bbox 1826 2293 1953 2328; x_wconf 86' lang='lat' dir='ltr'><strong>hastam</strong></span> <span class='ocrx_word' id='word_1_659' title='bbox 1973 2292 2011 2327; x_wconf 85' lang='lat'>&amp;</span> 
     </span>
     <span class='ocr_line' id='line_1_104' title="bbox 1204 2341 2012 2390; baseline -0.009 -7"><span class='ocrx_word' id='word_1_660' title='bbox 1204 2345 1323 2383; x_wconf 82' lang='lat' dir='ltr'><strong>hastile</strong></span> <span class='ocrx_word' id='word_1_661' title='bbox 1340 2355 1419 2379; x_wconf 88' lang='lat' dir='ltr'><strong>cum</strong></span> <span class='ocrx_word' id='word_1_662' title='bbox 1435 2341 1569 2390; x_wconf 86' lang='lat' dir='ltr'><strong>spiculis</strong></span> <span class='ocrx_word' id='word_1_663' title='bbox 1586 2367 1596 2385; x_wconf 87' lang='lat'>,</span> <span class='ocrx_word' id='word_1_664' title='bbox 1621 2351 1780 2389; x_wconf 69' lang='lat' dir='ltr'><strong>tanquam</strong></span> <span class='ocrx_word' id='word_1_665' title='bbox 1799 2342 1930 2390; x_wconf 83' lang='lat' dir='ltr'><strong>aliquot</strong></span> <span class='ocrx_word' id='word_1_666' title='bbox 1946 2341 2012 2388; x_wconf 88' lang='lat' dir='ltr'><strong>spi-</strong></span> 
     </span>
     <span class='ocr_line' id='line_1_105' title="bbox 1207 2390 2013 2438; baseline -0.007 -7"><span class='ocrx_word' id='word_1_667' title='bbox 1207 2396 1283 2431; x_wconf 77' lang='lat' dir='ltr'><strong>cula</strong></span> <span class='ocrx_word' id='word_1_668' title='bbox 1292 2406 1370 2429; x_wconf 90' lang='lat' dir='ltr'><strong>cum</strong></span> <span class='ocrx_word' id='word_1_669' title='bbox 1381 2404 1450 2427; x_wconf 88' lang='lat' dir='ltr'><strong>uno</strong></span> <span class='ocrx_word' id='word_1_670' title='bbox 1460 2391 1569 2426; x_wconf 78' lang='lat' dir='ltr'><strong>hastili</strong></span> <span class='ocrx_word' id='word_1_671' title='bbox 1585 2391 1713 2438; x_wconf 76' lang='lat' dir='ltr'><strong>reliqua</strong></span> <span class='ocrx_word' id='word_1_672' title='bbox 1723 2390 1904 2426; x_wconf 86' lang='lat' dir='ltr'><strong>manserint</strong></span> <span class='ocrx_word' id='word_1_673' title='bbox 1911 2391 2013 2426; x_wconf 87' lang='lat' dir='ltr'><strong>The-</strong></span> 
     </span>
     <span class='ocr_line' id='line_1_106' title="bbox 1206 2439 2012 2488; baseline -0.006 -8"><span class='ocrx_word' id='word_1_674' title='bbox 1206 2445 1257 2480; x_wconf 87' lang='lat' dir='ltr'><strong>bis</strong></span> <span class='ocrx_word' id='word_1_675' title='bbox 1271 2470 1282 2488; x_wconf 82' lang='lat'>‚</span> <span class='ocrx_word' id='word_1_676' title='bbox 1308 2452 1366 2478; x_wconf 88' lang='lat' dir='ltr'><strong>aut</strong></span> <span class='ocrx_word' id='word_1_677' title='bbox 1381 2440 1470 2476; x_wconf 82' lang='lat' dir='ltr'><strong>hasta</strong></span> <span class='ocrx_word' id='word_1_678' title='bbox 1487 2452 1567 2475; x_wconf 88' lang='lat' dir='ltr'><strong>cum</strong></span> <span class='ocrx_word' id='word_1_679' title='bbox 1586 2440 1695 2475; x_wconf 79' lang='lat' dir='ltr'><strong>hastili</strong></span> <span class='ocrx_word' id='word_1_680' title='bbox 1711 2439 1746 2475; x_wconf 72' lang='grc' dir='ltr'><strong>ὅ(</strong></span> <span class='ocrx_word' id='word_1_681' title='bbox 1762 2439 1907 2488; x_wconf 88' lang='lat' dir='ltr'><strong>spiculis.</strong></span> <span class='ocrx_word' id='word_1_682' title='bbox 1933 2440 2012 2475; x_wconf 89' lang='lat' dir='ltr'><strong>Fie-</strong></span> 
     </span>
     <span class='ocr_line' id='line_1_107' title="bbox 1207 2489 2012 2540; baseline -0.006 -11"><span class='ocrx_word' id='word_1_683' title='bbox 1207 2495 1236 2530; x_wconf 86' lang='lat' dir='ltr'><strong>ri</strong></span> <span class='ocrx_word' id='word_1_684' title='bbox 1252 2492 1370 2540; x_wconf 88' lang='lat' dir='ltr'><strong>nequit</strong></span> <span class='ocrx_word' id='word_1_685' title='bbox 1384 2514 1395 2534; x_wconf 87' lang='lat'><strong>.,</strong></span> <span class='ocrx_word' id='word_1_686' title='bbox 1422 2489 1504 2537; x_wconf 79' lang='lat' dir='ltr'><strong>quin</strong></span> <span class='ocrx_word' id='word_1_687' title='bbox 1520 2498 1677 2537; x_wconf 63' lang='lat' dir='ltr'><strong>appareat</strong></span> <span class='ocrx_word' id='word_1_688' title='bbox 1695 2489 1878 2538; x_wconf 91' lang='lat' dir='ltr'><strong>unicuique</strong></span> <span class='ocrx_word' id='word_1_689' title='bbox 1895 2489 2012 2525; x_wconf 89' lang='lat' dir='ltr'><strong>locum</strong></span> 
     </span>
     <span class='ocr_line' id='line_1_108' title="bbox 1209 2537 2012 2580; baseline -0.009 -1"><span class='ocrx_word' id='word_1_690' title='bbox 1209 2543 1302 2579; x_wconf 88' lang='lat' dir='ltr'><strong>hunc</strong></span> <span class='ocrx_word' id='word_1_691' title='bbox 1320 2540 1382 2575; x_wconf 77' lang='lat' dir='ltr'><strong>effe</strong></span> <span class='ocrx_word' id='word_1_692' title='bbox 1398 2537 1493 2573; x_wconf 81' lang='lat' dir='ltr'><strong>foede</strong></span> <span class='ocrx_word' id='word_1_693' title='bbox 1517 2538 1689 2573; x_wconf 83' lang='lat' dir='ltr'><strong>sordidum</strong></span> <span class='ocrx_word' id='word_1_694' title='bbox 1708 2554 1719 2580; x_wconf 93' lang='lat'><strong>·‚</strong></span> <span class='ocrx_word' id='word_1_695' title='bbox 1747 2550 1810 2574; x_wconf 92' lang='lat' dir='ltr'><strong>nec</strong></span> <span class='ocrx_word' id='word_1_696' title='bbox 1828 2549 1943 2574; x_wconf 89' lang='lat' dir='ltr'><strong>tamen</strong></span> <span class='ocrx_word' id='word_1_697' title='bbox 1960 2537 2012 2573; x_wconf 93' lang='lat' dir='ltr'><strong>ul-</strong></span> 
     </span>
     <span class='ocr_line' id='line_1_109' title="bbox 1209 2587 2012 2637; baseline -0.006 -10"><span class='ocrx_word' id='word_1_698' title='bbox 1209 2593 1274 2627; x_wconf 89' lang='lat' dir='ltr'><strong>lius</strong></span> <span class='ocrx_word' id='word_1_699' title='bbox 1294 2588 1469 2637; x_wconf 86' lang='lat' dir='ltr'><strong>ingenium</strong></span> <span class='ocrx_word' id='word_1_700' title='bbox 1497 2588 1605 2634; x_wconf 87' lang='lat' dir='ltr'><strong>polire</strong></span> <span class='ocrx_word' id='word_1_701' title='bbox 1631 2588 1762 2623; x_wconf 79' lang='lat' dir='ltr'><strong>curavit</strong></span> <span class='ocrx_word' id='word_1_702' title='bbox 1777 2613 1789 2632; x_wconf 84' lang='lat'>‚</span> <span class='ocrx_word' id='word_1_703' title='bbox 1823 2587 1948 2623; x_wconf 90' lang='lat' dir='ltr'><strong>nedum</strong></span> <span class='ocrx_word' id='word_1_704' title='bbox 1973 2595 2012 2622; x_wconf 90' lang='lat' dir='ltr'><strong>ut</strong></span> 
     </span>
     <span class='ocr_line' id='line_1_110' title="bbox 1212 2635 2012 2690; baseline -0.01 -14"><span class='ocrx_word' id='word_1_705' title='bbox 1212 2639 1380 2690; x_wconf 77' lang='lat' dir='ltr'><strong>aggress&#39;us</strong></span> <span class='ocrx_word' id='word_1_706' title='bbox 1394 2636 1497 2671; x_wconf 85' lang='lat' dir='ltr'><strong>fuerit</strong></span> <span class='ocrx_word' id='word_1_707' title='bbox 1521 2636 1685 2671; x_wconf 76' lang='lat' dir='ltr'><strong>accusare.</strong></span> <span class='ocrx_word' id='word_1_708' title='bbox 1720 2636 1773 2672; x_wconf 87' lang='lat' dir='ltr'><strong>Ut</strong></span> <span class='ocrx_word' id='word_1_709' title='bbox 1788 2636 1856 2685; x_wconf 90' lang='lat' dir='ltr'><strong>ipse</strong></span> <span class='ocrx_word' id='word_1_710' title='bbox 1871 2635 2012 2679; x_wconf 83' lang='lat' dir='ltr'><strong>faciam,</strong></span> 
     </span>
     <span class='ocr_line' id='line_1_111' title="bbox 1213 2683 2013 2739; baseline -0.009 -15"><span class='ocrx_word' id='word_1_711' title='bbox 1213 2689 1390 2739; x_wconf 88' lang='lat' dir='ltr'><strong>postquam</strong></span> <span class='ocrx_word' id='word_1_712' title='bbox 1406 2685 1688 2733; x_wconf 70' lang='lat' dir='ltr'><strong>priniajuve1itus</strong></span> <span class='ocrx_word' id='word_1_713' title='bbox 1705 2697 1780 2721; x_wconf 86' lang='lat' dir='ltr'><strong>mea</strong></span> <span class='ocrx_word' id='word_1_714' title='bbox 1800 2687 1836 2720; x_wconf 92' lang='lat' dir='ltr'><strong>in</strong></span> <span class='ocrx_word' id='word_1_715' title='bbox 1851 2685 1918 2719; x_wconf 88' lang='lat' dir='ltr'><strong>hoc</strong></span> <span class='ocrx_word' id='word_1_716' title='bbox 1933 2683 2013 2718; x_wconf 88' lang='lat' dir='ltr'><strong>loco</strong></span> 
     </span>
     <span class='ocr_line' id='line_1_112' title="bbox 1214 2733 2014 2783; baseline -0.008 -10"><span class='ocrx_word' id='word_1_717' title='bbox 1214 2736 1312 2774; x_wconf 84' lang='lat' dir='ltr'><strong>haefit</strong></span> <span class='ocrx_word' id='word_1_718' title='bbox 1328 2761 1339 2780; x_wconf 85' lang='lat'>‚</span> <span class='ocrx_word' id='word_1_719' title='bbox 1370 2735 1490 2769; x_wconf 79' lang='lat' dir='ltr'><strong>referas</strong></span> <span class='ocrx_word' id='word_1_720' title='bbox 1523 2744 1704 2782; x_wconf 81' lang='lat' dir='ltr'><strong>acceptum</strong></span> <span class='ocrx_word' id='word_1_721' title='bbox 1738 2741 1875 2783; x_wconf 87' lang='lat' dir='ltr'><strong>oportet</strong></span> <span class='ocrx_word' id='word_1_722' title='bbox 1907 2733 2014 2767; x_wconf 92' lang='lat' dir='ltr'><strong>unico</strong></span> 
     </span>
     <span class='ocr_line' id='line_1_113' title="bbox 1215 2779 2015 2830; baseline -0.008 -8"><span class='ocrx_word' id='word_1_723' title='bbox 1215 2786 1324 2822; x_wconf 81' lang='lat' dir='ltr'><strong>Msto</strong></span> <span class='ocrx_word' id='word_1_724' title='bbox 1344 2783 1527 2827; x_wconf 70' lang='lat' dir='ltr'><strong>Medicm,</strong></span> <span class='ocrx_word' id='word_1_725' title='bbox 1537 2796 1605 2830; x_wconf 87' lang='lat' dir='ltr'><strong>quo</strong></span> <span class='ocrx_word' id='word_1_726' title='bbox 1621 2783 1749 2818; x_wconf 81' lang='lat' dir='ltr'><strong>arbitro</strong></span> <span class='ocrx_word' id='word_1_727' title='bbox 1764 2779 1903 2816; x_wconf 87' lang='lat' dir='ltr'><strong>delenda</strong></span> <span class='ocrx_word' id='word_1_728' title='bbox 1917 2793 2015 2829; x_wconf 89' lang='lat' dir='ltr'><strong>pror-</strong></span> 
     </span>
    </p>

    <p class='ocr_par' dir='ltr' id='par_1_11' title="bbox 1215 2829 2017 2928">
     <span class='ocr_line' id='line_1_114' title="bbox 1215 2829 2016 2877; baseline -0.006 -7"><span class='ocrx_word' id='word_1_729' title='bbox 1215 2834 1265 2871; x_wconf 87' lang='lat' dir='ltr'><strong>sus</strong></span> <span class='ocrx_word' id='word_1_730' title='bbox 1281 2833 1328 2868; x_wconf 86' lang='lat' dir='ltr'><strong>est</strong></span> <span class='ocrx_word' id='word_1_731' title='bbox 1349 2833 1452 2868; x_wconf 81' lang='lat' dir='ltr'><strong>altera</strong></span> <span class='ocrx_word' id='word_1_732' title='bbox 1477 2832 1677 2877; x_wconf 63' lang='lat' dir='ltr'><strong>conjunftio</strong></span> <span class='ocrx_word' id='word_1_733' title='bbox 1695 2855 1706 2876; x_wconf 81' lang='lat'><strong>‚-</strong></span> <span class='ocrx_word' id='word_1_734' title='bbox 1732 2829 1791 2865; x_wconf 84' lang='lat' dir='ltr'><strong>etsl</strong></span> <span class='ocrx_word' id='word_1_735' title='bbox 1810 2830 1923 2877; x_wconf 83' lang='lat' dir='ltr'><strong>potius</strong></span> <span class='ocrx_word' id='word_1_736' title='bbox 1946 2841 2016 2865; x_wconf 89' lang='lat' dir='ltr'><strong>non</strong></span> 
     </span>
     <span class='ocr_line' id='line_1_115' title="bbox 1217 2876 2017 2928; baseline -0.005 -10"><span class='ocrx_word' id='word_1_737' title='bbox 1217 2890 1286 2919; x_wconf 86' lang='lat' dir='ltr'><strong>tarn</strong></span> <span class='ocrx_word' id='word_1_738' title='bbox 1304 2881 1444 2917; x_wconf 77' lang='lat' dir='ltr'><strong>delenda</strong></span> <span class='ocrx_word' id='word_1_739' title='bbox 1461 2881 1509 2915; x_wconf 80' lang='lat' dir='ltr'><strong>est</strong></span> <span class='ocrx_word' id='word_1_740' title='bbox 1526 2876 1548 2924; x_wconf 37' lang='lat'><strong>,⁸</strong></span> <span class='ocrx_word' id='word_1_741' title='bbox 1565 2893 1665 2928; x_wconf 67' lang='lat' dir='ltr'><strong>quam</strong></span> <span class='ocrx_word' id='word_1_742' title='bbox 1683 2877 1891 2914; x_wconf 83' lang='lat' dir='ltr'><strong>demittenda</strong></span> <span class='ocrx_word' id='word_1_743' title='bbox 1907 2878 1948 2913; x_wconf 87' lang='lat' dir='ltr'><strong>ad</strong></span> <span class='ocrx_word' id='word_1_744' title='bbox 1965 2879 2017 2914; x_wconf 86' lang='lat' dir='ltr'><strong>in-</strong></span> 
     </span>
    </p>

    <p class='ocr_par' dir='ltr' id='par_1_12' title="bbox 1219 2926 2017 2973">
     <span class='ocr_line' id='line_1_116' title="bbox 1219 2926 2017 2973; baseline -0.005 -7"><span class='ocrx_word' id='word_1_745' title='bbox 1219 2932 1376 2967; x_wconf 85' lang='lat' dir='ltr'><strong>feriorem</strong></span> <span class='ocrx_word' id='word_1_746' title='bbox 1402 2930 1532 2964; x_wconf 84' lang='lat' dir='ltr'><strong>versum</strong></span> <span class='ocrx_word' id='word_1_747' title='bbox 1551 2955 1562 2973; x_wconf 86' lang='lat'>,</span> <span class='ocrx_word' id='word_1_748' title='bbox 1598 2930 1655 2967; x_wconf 82' lang='lat' dir='ltr'><strong>ubi</strong></span> <span class='ocrx_word' id='word_1_749' title='bbox 1678 2927 1802 2962; x_wconf 75' lang='lat' dir='ltr'><strong>eximie</strong></span> <span class='ocrx_word' id='word_1_750' title='bbox 1822 2926 1858 2962; x_wconf 83' lang='lat'>&amp;</span> <span class='ocrx_word' id='word_1_751' title='bbox 1875 2928 2017 2963; x_wconf 85' lang='lat' dir='ltr'><strong>concin-</strong></span> 
     </span>
    </p>

    <p class='ocr_par' dir='ltr' id='par_1_13' title="bbox 1220 2976 2019 3024">
     <span class='ocr_line' id='line_1_117' title="bbox 1220 2976 2019 3024; baseline -0.003 -10"><span class='ocrx_word' id='word_1_752' title='bbox 1220 2981 1292 3015; x_wconf 87' lang='lat' dir='ltr'><strong>nius</strong></span> <span class='ocrx_word' id='word_1_753' title='bbox 1309 2979 1424 3013; x_wconf 90' lang='lat' dir='ltr'><strong>locum</strong></span> <span class='ocrx_word' id='word_1_754' title='bbox 1440 2977 1534 3013; x_wconf 80' lang='lat' dir='ltr'><strong>suum</strong></span> <span class='ocrx_word' id='word_1_755' title='bbox 1552 2987 1675 3013; x_wconf 86' lang='lat' dir='ltr'><strong>tuctur.</strong></span> <span class='ocrx_word' id='word_1_756' title='bbox 1727 2976 1779 3010; x_wconf 83' lang='lat' dir='ltr'><strong>Ita</strong></span> <span class='ocrx_word' id='word_1_757' title='bbox 1800 2976 1892 3010; x_wconf 88' lang='lat' dir='ltr'><strong>enim</strong></span> <span class='ocrx_word' id='word_1_758' title='bbox 1908 2976 2019 3024; x_wconf 86' lang='lat' dir='ltr'><strong>perfe-</strong></span> 
     </span>
    </p>

    <p class='ocr_par' dir='ltr' id='par_1_14' title="bbox 1219 3024 2021 3073">
     <span class='ocr_line' id='line_1_118' title="bbox 1219 3024 2021 3073; baseline -0.005 -10"><span class='ocrx_word' id='word_1_759' title='bbox 1219 3027 1358 3064; x_wconf 66' lang='lat' dir='ltr'><strong>stiffime</strong></span> <span class='ocrx_word' id='word_1_760' title='bbox 1376 3028 1456 3061; x_wconf 56' lang='lat' dir='ltr'><strong>lelS.</strong></span> <span class='ocrx_word' id='word_1_761' title='bbox 1492 3031 1540 3064; x_wconf 58' lang='grc' dir='ltr'><strong>Καὶ</strong></span> <span class='ocrx_word' id='word_1_762' title='bbox 1558 3024 1683 3070; x_wconf 59' lang='lat' dir='ltr'><strong>mizula)</strong></span> <span class='ocrx_word' id='word_1_763' title='bbox 1699 3025 1807 3069; x_wconf 64' lang='grc' dir='ltr'><em>ςερεῖα)</em></span> <span class='ocrx_word' id='word_1_764' title='bbox 1824 3030 1925 3060; x_wconf 77' lang='grc' dir='ltr'><strong><em>πᾶσαν</em></strong></span> <span class='ocrx_word' id='word_1_765' title='bbox 1941 3041 2021 3073; x_wconf 60' lang='grc' dir='ltr'><em>χρυ-</em></span> 
     </span>
    </p>

    <p class='ocr_par' dir='ltr' id='par_1_15' title="bbox 1221 3074 2018 3122">
     <span class='ocr_line' id='line_1_119' title="bbox 1221 3074 2018 3122; baseline -0.005 -10"><span class='ocrx_word' id='word_1_766' title='bbox 1221 3079 1293 3113; x_wconf 69' lang='grc' dir='ltr'><strong>σὲἶιμ</strong></span> <span class='ocrx_word' id='word_1_767' title='bbox 1303 3076 1350 3120; x_wconf 75' lang='grc' dir='ltr'><strong>,τὸ</strong></span> <span class='ocrx_word' id='word_1_768' title='bbox 1366 3076 1445 3119; x_wconf 65' lang='grc' dir='ltr'><strong>ξυςόν</strong></span> <span class='ocrx_word' id='word_1_769' title='bbox 1466 3081 1530 3122; x_wconf 57' lang='grc' dir='ltr'><strong>τῇσι</strong></span> <span class='ocrx_word' id='word_1_770' title='bbox 1549 3075 1685 3119; x_wconf 53' lang='grc' dir='ltr'><strong>λόγχῃζι</strong></span> <span class='ocrx_word' id='word_1_771' title='bbox 1702 3076 1743 3108; x_wconf 64' lang='grc' dir='ltr'><strong>ἐόν</strong></span> <span class='ocrx_word' id='word_1_772' title='bbox 1764 3075 1865 3120; x_wconf 68' lang='grc' dir='ltr'><em>ὁμοίως</em></span> <span class='ocrx_word' id='word_1_773' title='bbox 1880 3074 2018 3122; x_wconf 61' lang='grc' dir='ltr'><strong>χρύσεον·</strong></span> 
     </span>
    </p>

    <p class='ocr_par' dir='ltr' id='par_1_16' title="bbox 2016 3123 2023 3136">
     <span class='ocr_line' id='line_1_120' title="bbox 2016 3123 2023 3136; baseline 0 0"><span class='ocrx_word' id='word_1_774' title='bbox 2016 3123 2023 3136; x_wconf 64' lang='grc' dir='ltr'>ἱ</span> 
     </span>
    </p>

    <p class='ocr_par' dir='ltr' id='par_1_17' title="bbox 1982 3139 2023 3159">
     <span class='ocr_line' id='line_1_121' title="bbox 1982 3139 2023 3159; baseline 0.024 -1"><span class='ocrx_word' id='word_1_775' title='bbox 1982 3139 2023 3159; x_wconf 64' lang='grc' dir='ltr'><strong>Τῦ</strong></span> 
     </span>
    </p>
   </div>
  </div>
 </body>
</html>
