2112 3621
402 262 754 305 PROOEM
811 261 900 302 IN
957 262 1542 310 HERODOTUM„
1721 272 1802 324 717

136 331 311 369 lenitatem
326 355 337 374 ,
365 332 565 366 constantiae
586 330 621 364 δί
639 330 802 378 dignitati
821 332 1020 366 narrationis
1039 337 1199 380 anteponi
1214 337 1364 372 voluiss'e.
1415 339 1482 374 Sed
1501 339 1543 373 de
1559 339 1628 374 hoc
1649 339 1806 387 quisque⁹

136 390 175 415 ut
189 378 362 423 lubuerit,
388 381 435 414 ita
456 380 576 414 statuat
594 388 695 425 atque
716 379 848 414 sentiat.
898 380 977 414 Nos
996 392 1107 415 autem
1131 383 1199 418 hoc
1218 395 1391 421 teneamus
1409 400 1416 422 ε
1444 401 1514 422 non
1537 388 1642 423 modo
1664 399 1806 436 propter

133 429 297 463 sermonis
315 428 537 476 elegantiam,
565 427 600 462 ἃ
615 428 707 462 illam
724 441 802 462 cum
821 426 861 463 ab
879 429 950 463 aliis
966 439 1038 464 tum
1049 429 1221 466 Cicerone
1234 434 1402 470 laudatam
1421 435 1659 481 dulcedinem,
1677 437 1711 472 ὅ(
1723 450 1806 476 Qua·

133 476 158 512 fi
174 478 411 512 amoenitatem
427 477 595 524 quandam
612 503 623 522 ,
649 477 862 526 diligendum
881 478 974 512 hunc
988 488 1162 524 autorem,
1190 482 1224 515 ὃ(
1240 483 1272 516 in
1293 485 1445 519 manibus
1461 485 1591 533 semper
1609 478 1805 520 habendum

134 526 222 561 effe:
249 523 304 560 sed
324 534 467 573 propter
485 533 599 561 rerum
619 528 858 575 cognitionem
882 527 1107 562 maximarum
1123 554 1133 572 ,
1162 540 1304 577 propter
1323 535 1472 567 maxime
1485 535 1526 568 ad
1541 537 1646 568 vitam
1664 535 1804 569 utilium

131 575 372 610 sententiarum
389 576 524 623 copiam
535 602 547 620 ,
575 575 620 610 ob
635 577 779 623 plurima
795 586 911 620 certo,
936 587 1094 610 accurate
1107 602 1119 621 ,
1146 579 1330 624 prudenter
1343 605 1354 623 ,
1382 582 1521 616 honeste
1535 582 1644 626 dieta,
1672 584 1805 630 magni-

133 623 328 659 faciendum
346 625 464 669 nobis·⁹
490 625 545 660 vel
563 626 597 659 in
610 624 669 659 suo
686 625 799 672 potius
814 636 938 672 genere
951 627 1228 670 anteponendum
1248 627 1422 664 universis.
1474 626 1573 665 Nota
1589 631 1663 665 sunt
1677 644 1719 665 ex
1736 632 1805 666 La=

134 674 214 708 tinis
228 673 406 708 Ciceronis
421 674 457 709 δε
472 673 681 718 Quintiliani
695 673 807 720 elogia
821 673 1069 720 praeclariffima
1086 675 1184 722 hujus
1200 679 1335 711 autoris.
1369 678 1576 714 Graecorum
1594 690 1708 714 autem
1729 693 1806 727 quae

134 722 255 769 opinio
276 722 319 757 de
339 722 390 757 his
411 722 503 758 libris
523 723 627 757 fuerit
641 747 652 766 ,
678 721 752 757 satis
772 724 900 757 indicat
918 722 1093 771 inscriptio
1110 726 1288 760 nominum
1306 727 1503 771 Musarum,
1528 728 1649 775 quibus
1663 739 1805 763 omnem

132 770 327 818 sapientiam
351 772 387 807 Sc
408 771 597 806 doctrinam
619 770 652 805 ἃ*
676 772 805 820 ingenii
826 772 1052 820 praestan'tiam
1071 796 1083 816 ,
1114 775 1352 821 antiquitatem
1377 775 1578 823 significasse
1601 788 1722 812 notum
1745 778 1804 812 est.

133 819 182 855 Et
200 821 396 867 quicunque
417 822 605 855 meminere
629 820 730 868 ipsius
749 846 760 864 ,
787 819 928 856 honoris
944 821 980 855 ὃς
998 821 1104 858 laudis
1120 823 1359 869 praefationem
1378 825 1508 873 semper
1530 826 1692 873 usurpasse
1709 839 1805 874 repe-

133 868 279 903 riuntur.
330 868 426 914 Qias
445 869 490 904 ob
513 882 563 904 res
583 882 692 917 neque
715 882 770 904 me
788 871 906 918 pigere
925 876 1040 918 'operte
1057 871 1180 919 pofitae
1196 873 1230 906 in
1250 873 1319 908 hoc
1342 884 1460 909 autore
1474 874 1596 909 debere
1614 885 1720 922 putO,
1746 888 1806 910 ne-

131 925 198 964 que
211 930 281 952 non
295 917 456 954 hortandi
471 918 556 953 mihi
571 919 731 954 videntur
744 932 862 954 omnes
876 945 887 964 ,
914 930 951 953 ut
968 919 1078 955 studio
1098 920 1256 968 singulari
1276 923 1309 956 in
1328 922 1397 958 hoe
1412 934 1530 959 autore
1546 924 1685 969 versari,
1713 925 1748 959 &
1764 925 1806 959 il-

131 966 203 1001 lum
218 968 396 1014 praecipuo
416 973 533 1003 amore
555 967 741 1016 complecti
757 969 875 1003 velint.
928 969 1023 1003 Nam
1045 969 1080 1003 ἃ
1102 971 1187 1005 mihi
1205 970 1410 1007 fructuosam
1431 973 1526 1008 fuifi'e
1542 972 1726 1010 le&ioiiem
1740 973 1805 1014 hu‘⁸

127 1015 183 1064 jus
196 1015 315 1051 videor
329 1016 471 1062 sentire,
498 1017 535 1052 δε
548 1017 619 1052 aliis
636 1019 717 1052 item
735 1017 883 1052 futuram
904 1018 968 1052 effe
984 1017 1136 1054 confido.
1187 1019 1307 1055 Visum
1324 1032 1460 1067 autern,
1475 1023 1543 1058 &a

457 1131 542 1172 DE
592 1129 1170 1182 HERODOTO,EX
1222 1136 1479 1178 EODEM

606 1208 850 1263 JOACH.
889 1209 1323 1254 CAMERARIQ

128 1303 248 1397 ΗΕ
259 1326 281 1348 R
292 1326 313 1347 o
323 1326 346 1348 D
356 1326 377 1348 o
388 1324 431 1348 τι
459 1322 590 1361 patrem
608 1314 702 1349 fuiffe
711 1315 845 1363 Lyxem
865 1315 899 1349 &
914 1316 1014 1364 Dryo
1029 1326 1171 1351 matrem
1190 1316 1393 1363 perhibent,
1421 1320 1527 1366 patria
1537 1318 1804 1353 Halicarnaffew

225 1361 290 1396 sem
308 1376 316 1397 ε
344 1362 435 1410 quod
453 1362 689 1410 praescriptum
706 1376 798 1399 nunc
814 1365 917 1399 etiam
936 1366 971 1399 in
990 1365 1129 1400 historia
1147 1366 1235 1400 illius
1253 1369 1389 1413 regitur.
1426 1369 1585 1402 Parentes
1602 1368 1635 1401 in
1652 1368 1705 1404 sua
1719 1369 1804 1402 civi-

129 1421 199 1446 tate
211 1410 305 1446 bono
320 1412 399 1446 loco
417 1423 513 1447 natos
527 1413 666 1447 tradunt
679 1437 691 1458 ,
717 1412 895 1460 ipsumque
911 1413 1050 1449 fratrem
1065 1413 1215 1449 habuisse
1230 1415 1461 1450 Theodorum
1480 1418 1630 1451 nomine.
1680 1416 1804 1461 Qnirn

127 1470 241 1495 autem
258 1470 431 1495 teneretur
449 1462 696 1497 Halicarnaffus
711 1462 729 1496 a
745 1462 963 1510 Lygdamide
978 1472 1144 1509 tyranno,
1171 1474 1297 1510 nepote
1316 1464 1507 1498 Artemisiae
1524 1467 1654 1512 regina·
1667 1465 1801 1509 Cariae,

126 1508 254 1546 seceffit
268 1510 470 1544 Herodotus
486 1511 521 1545 in
529 1510 668 1544 Samum
684 1510 841 1545 insulam:
869 1522 970 1558 atque
985 1512 1031 1546 ibi
1049 1511 1164 1560 lingua
1182 1513 1300 1546 Ionica
1316 1512 1490 1547 historiam
1510 1525 1633 1561 magna
1646 1526 1725 1548 cum
1742 1526 1802 1549 cu·

128 1571 164 1593 ra
181 1557 377 1605 composuit
394 1578 405 1601 -,
432 1558 570 1593 relatam
591 1559 626 1592 in
640 1559 744 1593 libros
764 1571 910 1593 novem:
939 1562 1096 1605 (Lucian.
1116 1561 1298 1603 Herodoto,
1325 1563 1379 1594 vel
1396 1563 1551 1602 Eamne.)
1577 1575 1678 1609 quam
1692 1575 1799 1610 quum

128 1607 164 1641 in
178 1606 347 1653 frequenti
363 1606 514 1640 Graeciae
528 1617 702 1641 conventu
717 1607 965 1655 Olympiorum
984 1609 1187 1643 recitavisset
1201 1635 1212 1653 ,
1239 1609 1285 1643 sic
1305 1609 1434 1656 placuit
1449 1610 1609 1646 universis
1624 1622 1663 1645 ut
1684 1613 1727 1646 ita
1742 1624 1800 1647 au-

128 1655 241 1690 dirent
258 1654 349 1702 quasi
366 1654 481 1690 Musas
494 1654 688 1703 loquentes:
716 1655 863 1703 ideoque
879 1657 971 1692 libris
986 1658 1043 1704 'qui
1061 1670 1186 1691 novem
1215 1663 1271 1700 (ut
1286 1659 1453 1700 diximus)
1480 1660 1583 1695 essent
1595 1686 1606 1704 ,
1623 1660 1800 1701 Musarum

128 1716 255 1739 novem
273 1703 426 1738 indidere
439 1704 590 1739 nomina.
625 1704 747 1746 Quum
764 1705 910 1740 reversus
926 1705 960 1740 in
974 1707 1116 1753 patriam
1131 1717 1231 1742 autor
1244 1707 1355 1742 fuiffet
1369 1708 1502 1743 civibus
1515 1708 1577 1744 suis
1590 1710 1722 1756 tyranni
1739 1722 1800 1745 ex-

127 1752 296 1803 pellendi,
323 1750 475 1788 succeffit
489 1753 627 1800 quidem
642 1765 710 1798 res,
735 1753 789 1789 sed
806 1754 933 1789 invidia
948 1757 1096 1790 maxima
1110 1756 1332 1791 Herodotum
1350 1759 1501 1805 excepit.
1551 1759 1602 1793 Ita
1616 1759 1706 1792 enim
1724 1757 1799 1794 fieri

127 1803 212 1840 solet
228 1812 266 1837 ut
281 1801 514 1850 periculorum
532 1812 665 1837 metum
681 1813 775 1850 parta
795 1802 977 1839 securitate
994 1803 1259 1839 obtrectationes
1280 1804 1350 1840 sere
1368 1804 1558 1853 sequantur.
1591 1806 1798 1843 Cedendum

126 1853 254 1901 igitur,
281 1850 520 1898 relinquendos
535 1852 686 1899 ingratos
703 1852 793 1887 cives
808 1862 896 1887 ratus
914 1877 925 1897 ,
952 1860 1057 1901 quum
1076 1853 1336 1888 Atheniensium
1353 1865 1426 1889 tum
1444 1856 1579 1892 colonia
1592 1857 1627 1890 in
1643 1855 1798 1891 Thurios

126 1902 237 1938 Italiae
253 1900 399 1948 populos
418 1899 668 1944 deduceretur,
695 1900 748 1935 sua
762 1900 881 1949 sponte
896 1900 959 1947 illis
973 1902 1004 1936 se
1025 1902 1156 1937 colonis
1175 1902 1302 1937 socium
1318 1903 1471 1939 addidit:
1499 1903 1533 1939 ἃ
1551 1905 1596 1940 ibi
1618 1904 1729 1939 finivit
1744 1906 1796 1939 vi-

126 1951 196 1986 'tam
217 1949 325 1985 suam:
352 1949 564 1997 sepultusque
579 1948 685 1984 fertur
700 1950 735 1984 in
749 1949 838 1984 foro.
864 1950 923 1985 etfi
943 1951 1079 1999 quidam
1094 1952 1198 1986 Pellae
1212 1962 1388 1987 mortuum
1405 1952 1501 1989 fuisse
1515 1954 1694 1989 tradidere.
1721 1953 1796 2001 Ipse

122 2000 208 2035 facit
235 1999 447 2033 mentionem
475 2000 589 2042 (Clio,
608 2011 636 2032 c.
658 2000 753 2042 109)
781 1998 880 2045 λόγων
902 2000 1055 2042 Α’ω-υὸῖων
1079 1999 1115 2034 &
1138 2005 1235 2047 λόγων
1255 2004 1387 2036 Δι’ἒυκῶν
1404 2025 1415 2044 ,
1448 2006 1621 2049 (Euterpe,
1647 2015 1675 2037 e.
1697 2010 1794 2052 ¹61.)

123 2060 209 2096 quos
217 2047 454 2094 conscripserit
464 2060 471 2081 :
481 2047 524 2081 de
539 2047 661 2095 quibus
671 2057 786 2082 tamen
799 2049 876 2083 haec
891 2050 1021 2083 mentio
1036 2048 1251 2085 solummodo
1267 2050 1377 2085 restat.
1395 2052 1617 2088 Herodotum
1629 2055 1795 2103 scribunt,

123 2109 229 2145 quum
248 2097 405 2131 recitaret
424 2097 459 2131 in
472 2096 648 2144 Olympiis
674 2102 732 2140 (ut
747 2096 843 2144 supra
857 2098 1054 2143 retulimus)
1081 2098 1235 2134 historias
1248 2099 1317 2134 suas
1333 2126 1344 2144 ,
1370 2101 1530 2136 audivisse
1543 2103 1794 2152 Thucydidem

123 2147 184 2193 qui
197 2145 308 2181 adhuc
323 2147 424 2180 aetate
437 2158 522 2193 puer
538 2145 636 2181 esset:
662 2158 836 2193 quumque
849 2147 1074 2195 Thucydides
1090 2155 1163 2182 tum
1179 2148 1270 2195 quali
1289 2148 1452 2185 divinitus
1472 2163 1669 2188 commotus
1685 2155 1794 2204 lacry-

122 2206 193 2230 mas
206 2193 427 2242 profudisset,
453 2194 721 2229 animadvertisse
740 2194 809 2229 hoc
824 2195 1043 2230 Herodotum
1053 2211 1064 2238 3
1093 2196 1129 2231 &
1141 2198 1347 2244 gratulatum
1368 2198 1463 2236 fuiss'e
1479 2201 1565 2247 patri
1586 2201 1688 2249 ipfius
1702 2204 1792 2239 Olo-

121 2256 184 2279 ro:
211 2243 458 2290 hortatumque
480 2246 519 2278 ut
539 2242 761 2278 erudiendum
780 2254 913 2279 curaret
935 2243 1044 2279 filium
1065 2244 1270 2294 diligenter:
1298 2246 1438 2294 gliscere
1456 2249 1546 2283 enim
1565 2251 1600 2284 in
1620 2252 1735 2287 animo
1752 2253 1792 2288 il-

121 2291 185 2328 lius
209 2292 433 2340 cupiditatem
455 2292 623 2327 bonarum
648 2293 771 2328 artium
798 2304 899 2340 atque
923 2293 1187 2341 disciplinarum.
1237 2295 1294 2330 De
1319 2296 1505 2332 Herodoto
1528 2298 1698 2335 Graecum
1719 2303 1792 2350 epi-

122 2352 277 2389 gramma
291 2340 419 2386 fertur,
445 2354 514 2388 quo
531 2351 740 2376 memoratur
754 2341 789 2376 &
804 2342 858 2376 illa
873 2341 1011 2376 invidiae
1026 2342 1107 2390 fuga
1122 2343 1156 2378 ὃ(
1172 2343 1320 2380 discessio
1335 2345 1370 2379 in
1383 2345 1550 2381 Thurios.

123 2389 128 2392 .
435 2390 588 2438 Ηξᾶὃοτον
600 2392 699 2432 Λυξὲω
717 2389 825 2436 κξιῖπἾει
843 2390 912 2427 κόνις
930 2391 980 2430 ἥδε
999 2391 1125 2427 &aavo‘r'lae
1361 2396 1469 2427 Extat
1486 2396 1572 2441 apud
1585 2397 1790 2444 Stephanum:

484 2439 593 2481 sold&
611 2440 743 2487 οἱςχαλης
758 2438 867 2480 ἷςοόης
885 2439 1045 2485 πρύτανιν,
1307 2442 1367 2486 fid
1378 2445 1478 2489 magis
1487 2447 1644 2492 integrum
1655 2451 1688 2480 in
1696 2448 1788 2492 scho-

430 2494 568 2530 Δωριέων
589 2488 704 2535 πάτρης
721 2489 866 2531 {howel-ff
879 2489 950 2524 ἄπο.
977 2495 1019 2536 τῷ
1037 2491 1068 2535 ὣ
1087 2491 1215 2530 αἴπλῆἶον
1308 2494 1360 2524 liis
1373 2491 1580 2526 Nebularum
1594 2495 1753 2540 Amstoph.

481 2542 592 2582 Μῶμον
609 2537 897 2583 μᾶτεκω-ϋφυγών,
925 2537 1036 2580 Θέων
1057 2540 1118 2590 ’ἔχε
1137 2540 1274 2587 πάτξῖω.

123 2584 217 2633 quod
231 2595 291 2621 nos
305 2584 351 2621 ita
366 2586 546 2634 aliquando
561 2588 813 2630 convertimus,

429 2637 552 2673 Terra,
573 2634 682 2680 satum
701 2635 896 2668 Herodotum
915 2638 1024 2683 Lyxe,
1050 2640 1128 2685 tegit
1145 2638 1370 2687 istasbpulmm
1384 2664 1395 2683 ,

483 2685 553 2731 Qui
562 2684 665 2730 prtfiae
679 2686 787 2718 Ionicae
801 2685 930 2717 laudem
948 2684 1042 2719 habet
1059 2685 1197 2729 hzstariae.

431 2733 557 2766 Dorica
570 2732 726 2778 produxit
740 2734 832 2767 tellus
846 2733 948 2767 hunc:
974 2734 1057 2767 unde
1065 2736 1207 2782 fugatus

482 2778 617 2815 Invidia
629 2807 640 2825 ‚
667 2781 728 2816 hac
739 2785 850 2828 patria
869 2781 1009 2816 Thuride
1016 2783 1100 2827 sedit
1119 2783 1223 2818 humo.

120 2873 122 2876 y
164 2830 222 2866 Ex
235 2842 277 2866 eo
290 2827 417 2865 fastum
432 2829 480 2865 est
495 2840 534 2865 ut
547 2829 650 2878 aliqui
665 2831 956 2879 praescriptionem
967 2833 1244 2877 Halicarnaffi’nfis
1258 2844 1430 2871 mutarent
1450 2836 1484 2871 in
1491 2834 1609 2872 Thurii
1617 2836 1727 2887 :quod
1744 2836 1781 2877 δε

115 2879 318 2915 Plutarchus
331 2881 509 2915 annotavit
522 2880 556 2914 in
571 2879 687 2915 libello
698 2881 755 2915 De
771 2881 885 2916 exilio.
911 2881 1066 2929 Reperio
1081 2881 1224 2917 relatum
1243 2883 1336 2919 hunc
1349 2885 1385 2919 in
1401 2885 1630 2933 olympiadem
1641 2900 1781 2935 Lxxvn,

116 2928 153 2963 ὅτ.
174 2940 340 2964 Lxxxlm.
367 2940 447 2963 cum
474 2941 543 2976 quo
570 2940 639 2963 non
662 2929 813 2965 diffentit
837 2930 929 2978 quod
950 2929 1095 2966 traditur
1109 2955 1121 2974 ,
1147 2930 1296 2967 floruiffe
1313 2934 1563 2983 Thucydidem
1585 2937 1781 2985 olympiade

116 2988 285 3022 Lxxxvn,
313 2978 350 3013 δε
362 2977 557 3026 olympiade
573 2989 739 3013 Lxxxvm
755 2988 930 3013 mortuum
944 2979 1112 3014 Periclem
1127 2980 1325 3029 Xanthippi
1342 2982 1453 3019 filium
1468 3009 1480 3029 ‚
1507 2986 1604 3031 cujus
1617 2987 1780 3021 Herodo-

117 3033 170 3059 tus
190 3027 348 3062 meminit
375 3030 547 3070 (Erato,c.
563 3027 659 3073 ¹31-)
685 3027 814 3063 Plinius
833 3027 890 3062 ubi
909 3027 952 3062 de
968 3028 1077 3063 ebeno
1096 3029 1242 3074 disserit,
1269 3032 1491 3068 Herodotum
1507 3029 1622 3070 scr'ibit
1636 3034 1779 3071 Thuriis

116 3072 301 3109 condidiffe
314 3075 489 3111 historiam
509 3088 598 3111 anno
619 3072 660 3110 ab
674 3076 722 3112 V.
737 3076 781 3111 C.
797 3076 1184 3113 trecentefimodecimo.
1236 3079 1345 3124 Qiod
1361 3080 1395 3116 &
1413 3083 1520 3130 ipsum
1539 3095 1618 3118 curn
1633 3095 1778 3119 numero

117 3132 267 3158 Lxxxvn
282 3123 495 3173 olympiados
512 3123 682 3161 consentit
696 3149 707 3170 ,
735 3137 804 3173 quo
820 3125 921 3173 aliqui
937 3125 1085 3163 floruisse
1099 3127 1321 3164 Herodotum
1340 3131 1508 3167 tradidere
1526 3145 1534 3166 :
1562 3142 1666 3179 quum
1680 3143 1779 3167 accc-

1151 3176 1278 3213 Xxxx
1309 3189 1323 3224 3
1625 3180 1777 3226 perimus
