2112 3621
284 255 364 309 846

559 244 1313 306 jAC.GRONOV11

1387 242 1665 287 NOTAE

284 322 373 355 inter
392 313 557 364 jamenu-as
577 317 791 352 tabularum?
817 317 922 351 Certe
943 317 990 350 ita
1009 314 1095 349 istud
1151 313 1273 346 mettio
1293 311 1455 346 Phalereo
1477 310 1620 347 sewavit
1643 311 1731 346 hanc
1753 322 1875 346 vocem
1893 309 1961 345 Po-

287 379 422 404 textum
440 367 730 408 contunderetur,
749 378 811 401 nec
829 376 965 401 textum
982 370 1096 399 mane-

288 426 357 452 ret:
386 428 448 451 cur
462 416 569 463 igitur
587 428 656 449 non
674 415 793 450 solutas
808 412 1010 450 arundines?
1028 413 1097 447 Ac-

288 464 380 500 cedit
391 466 484 513 quod
500 466 535 498 in
547 464 745 500 Salmafiana
763 463 889 499 fabrica
907 472 1043 498 tantum
1059 474 1098 496 u-

288 514 360 550 sum
376 513 587 562 praebuerint
604 519 708 561 mgni
725 513 875 558 καλάμων
894 537 907 556 ,
933 521 1098 559 quantum

288 567 306 604 ἡ
321 562 501 604 devotae&
519 563 630 610 θερμοὶ.
666 562 775 607 Quod
792 562 815 598 fi
832 563 879 598 ita
896 562 976 596 esll‘tt
993 586 1004 606 ,
1027 561 1097 608 jam

291 611 426 647 dixifl'et
442 610 560 647 auftor
577 637 589 656 ³
615 612 741 658 τέλμαῖι
759 610 922 658 χρεώμῦζυοι
945 610 1097 654 οὲσφοὶλτῳ

291 665 402 708 θερμῇ
419 665 443 710 »ᾖ
465 670 580 708 ταρσοῖς
597 664 743 706 καλάμων
764 689 771 701 ,
799 660 956 707 έὸοίμοωῖῑο.
992 658 1100 694 Nulla

293 711 386 745 enim
403 710 576 759 utriusque
598 709 770 745 diverfitas
794 710 870 745 fuit.
922 707 989 744 Sed
1008 705 1101 754 quod

294 758 439 807 amplius
453 758 502 794 est
517 784 530 804 ‚
554 759 630 794 haec
646 760 792 794 mutatio
809 758 901 794 tollit
917 755 1102 808 sublimita-

294 818 366 843 tem
383 807 570 852 mensurae,
596 821 673 856 quae
688 809 797 844 sumta
813 807 877 843 fuit
893 806 933 841 ad
952 815 1101 851 compri-

293 856 459 892 mendum
477 857 732 905 flumen‚plane
746 869 865 906 vagam
881 857 916 890 in
937 866 975 889 ea
991 865 1026 888 re
1043 864 1102 886 co·

294 906 501 953 git-ationem
525 906 717 954 relinquens
733 932 744 951 ,
771 918 871 954 quam
900 902 1102 939 Herodotus

295 955 461 1003 sapienter
476 954 644 991 definivit.
696 956 786 1000 Quis
805 968 843 989 ea
868 963 980 1004 carere
997 947 1102 985 velit?

295 1004 403 1039 Certe
420 1003 483 1038 illis
498 1015 630 1050 nequeo
648 1004 709 1038 uti.
761 1003 839 1038 Post
862 999 995 1036 accessit
1011 997 1101 1052 Tan.

293 1052 405 1088 Faber
419 1053 454 1086 in
470 1051 586 1086 eadem
606 1051 666 1086 ista
682 1052 835 1100 Epistola
850 1051 892 1085 ad
909 1049 1101 1090 Petamum,

294 1102 333 1137 δί
352 1099 492 1135 infando
517 1098 586 1134 ictu
603 1112 726 1136 vocem
750 1100 875 1147 τέλμαῖι
902 1096 1044 1145 expellit
1062 1104 1101 1129 ut

292 1149 456 1200 glossema
480 1148 645 1194 asphalti,
678 1162 742 1197 pro
765 1146 927 1196 χρεώμὸξυοι
953 1146 1101 1181 formans

296 1199 457 1245 χμόμενοι
481 1200 630 1234 illinemes
646 1199 700 1235 vel
716 1201 914 1244 intingentes,
941 1204 1100 1241 tanquam

297 1249 416 1284 lateres
431 1246 581 1294 asphalto
599 1247 743 1282 ferventi
770 1247 981 1281 illinerentur
996 1268 1007 1287 ,
1033 1254 1102 1289 quo

294 1297 450 1332 tenacior
466 1296 546 1330 effet
563 1307 747 1344 compages
763 1295 798 1330 &3
811 1293 970 1344 junctura
985 1303 1101 1345 muro·

294 1358 372 1381 rum
383 1369 394 1389 ,
421 1345 479 1392 qui
495 1356 538 1379 ex
554 1354 623 1379 tam
639 1345 771 1393 exiguis
788 1343 982 1379 constarent
998 1349 1102 1389 parti-

296 1394 377 1436 bus3
404 1406 509 1441 quum
520 1393 720 1428 Herodotus
738 1394 826 1427 clare
843 1404 913 1426 non
929 1391 1020 1426 dicat
1037 1389 1103 1423 fer-

293 1455 433 1478 ventem
451 1442 638 1488 asphaltum
656 1466 667 1485 ,
693 1440 755 1475 etsi
779 1442 826 1475 ita
841 1449 951 1475 vertat
967 1447 1104 1489 quoque

295 1492 396 1527 Valla
411 1517 422 1535 ,
446 1489 500 1524 sed
518 1489 623 1523 inodo
639 1489 817 1524 calentem.
853 1489 1034 1534 Quantum
1050 1484 1101 1518 dl·-

294 1540 357 1575 stat
380 1542 497 1574 illinere
519 1538 561 1572 ab
591 1540 738 1584 intingere
754 1539 771 1572 P
804 1538 965 1584 Denique
995 1535 1032 1569 in
1059 1545 1101 1568 eo

294 1588 387 1637 quod
406 1588 571 1623 summam
590 1586 715 1634 spectat
730 1612 741 1631 ,
766 1586 836 1622 fere
851 1584 1035 1621 scurriliter
1045 1584 1102 1632 jo-

294 1647 402 1674 catur.
443 1636 533 1682 Qiis
548 1637 641 1671 enim
664 1637 769 1672 vertit
785 1647 843 1683 per
856 1636 988 1682 triginta
1003 1633 1104 1667 domos

292 1690 402 1723 lateris
417 1688 435 1722 Ρ
458 1685 551 1734 quod
569 1684 616 1720 fic
632 1687 783 1735 exagitat
800 1686 836 1720 &
856 1682 1046 1732 majusculis
1063 1681 1103 1716 li-

296 1737 375 1772 teris
390 1736 557 1780 ostentat,
583 1735 673 1770 haud
692 1735 795 1771 dubie
809 1745 892 1771 tune
908 1731 1105 1768 febricitan-

293 1787 336 1821 tis
360 1785 518 1822 delirium
535 1810 548 1830 ‚
581 1784 674 1833 quod
701 1785 736 1819 in
760 1784 832 1819 aliis
856 1783 967 1818 ridens
989 1779 1104 1816 existi-

293 1845 365 1871 mat
391 1835 461 1885 legi
486 1834 611 1870 debere
644 1834 708 1881 2153
738 1832 950 1875 τϋηκονῷίδων
984 1831 1105 1865 πλίνθοι.

295 1884 405 1929 Qiod
416 1884 575 1934 jocosum
593 1883 662 1927 est,
680 1882 782 1918 -addit
799 1882 955 1925 Gallica,
981 1882 1021 1914 A
1031 1878 1105 1914 cha-

294 1946 350 1980 que
364 1935 524 1969 tremie‘me
539 1945 617 1979 mng
632 1934 668 1967 cle
682 1932 795 1977 brique.
821 1931 930 1979 Atqui
946 1931 1022 1964 haec
1037 1925 1105 1976 ipsa

294 1982 371 2018 sunt
384 1983 488 2019 verba
506 1984 602 2018 Porti
618 1983 653 2016 in
673 1993 759 2016 voce
777 1979 889 2026 Διῖμζζῂ4
901 2007 910 2019 ,
937 1989 1039 2027 quem
1055 1986 1105 2011 ta-

295 2043 376 2067 men
391 2043 528 2068 veretur
544 2032 730 2067 nominare.
773 2031 882 2065 Porro
899 2026 1108 2079 τωηκονῷίᾷες

295 2083 403 2115 πλίνθος
419 2094 489 2116 non
504 2081 641 2129 possunt
656 2079 780 2115 habere
794 2092 873 2114 eum
888 2077 1016 2113 sensum
1026 2091 1037 2118 3
1049 2074 1103 2110 led

295 2128 510 2165 solummodo
520 2130 591 2165 istae
601 2138 721 2164 notant
739 2129 880 2178 triginta
890 2127 976 2162 solos
986 2127 1103 2161 lateres

296 2179 332 2213 in
352 2181 482 2214 ratione
498 2178 722 2225 computandi
740 2203 752 2221 ,
778 2178 837 2213 ubi
861 2177 922 2212 iste
944 2187 1104 2212 numerus

296 2228 542 2277 multiplicatus
552 2229 601 2262 est
609 2252 621 2270 ,
630 2239 699 2262 non
709 2226 852 2261 laterum
868 2226 1012 2262 ordines.
1023 2225 1063 2260 N
1066 2237 1105 2258 o-

298 2280 371 2314 cuit
390 2279 468 2314 viris
490 2276 598 2312 docffis
617 2300 630 2319 ,
655 2275 748 2323 quod
774 2288 843 2310 non
863 2276 1010 2311 viderint
1026 2286 1105 2309 vere

299 2329 456 2376 antiquos
475 2325 646 2362 Herodoti
665 2324 788 2369 libros,
807 2324 898 2360 unde
915 2324 1107 2359 didiciffent

298 2378 524 2415 reverentiam
546 2374 739 2422 antiquitati
757 2373 908 2408 debitam
929 2372 1107 2421 praestare,

300 2440 364 2464 nec
383 2437 535 2469 mutare,
552 2423 644 2473 quod
659 2421 808 2458 sasseium
826 2422 896 2466 est,
921 2420 1107 2471 praesertim

300 2479 337 2513 in
351 2475 584 2524 designatione
601 2473 731 2520 antiqui
757 2471 896 2507 aedificii
912 2496 924 2515 ,
948 2470 1041 2519 quod
1056 2471 1107 2505 in-

300 2527 343 2562 de
360 2523 576 2561 solummodo
593 2521 696 2556 fidem
715 2521 828 2569 capit,
853 2532 923 2555 non
938 2532 981 2555 ex
997 2519 1109 2554 nostra

302 2574 455 2611 fietione.
493 2571 626 2619 Τὲλμοιῖι
643 2569 809 2617 χρεώμενοι
826 2569 984 2614 ‘imolam
1005 2572 1110 2615 θερμῇ

302 2625 445 2660 omnino
461 2620 552 2658 reete
568 2620 716 2664 dicitur,
743 2618 779 2653 &
796 2617 886 2653 reete
903 2618 1109 2667 intelligitur

301 2677 361 2710 loco
377 2673 418 2712 ὃ
434 2675 500 2707 vice
515 2672 575 2707 luti
598 2677 714 2704 utentes
737 2668 884 2702 bitumine
898 2668 994 2702 calido
1011 2683 1024 2709 ·‚
1050 2665 1110 2701 ubi

303 2732 396 2758 certe
418 2721 467 2756 est
488 2720 605 2756 eadem
630 2716 800 2765 appositio
816 2741 827 2760 ,
852 2728 928 2763 quae
951 2728 1026 2764 cap.
1044 2714 1108 2763 seq.

304 2776 332 2809 αἱ
353 2772 530 2816 ὂῖὶηκοιμπαὶ
547 2767 674 2814 οιὶμοισιῆ
693 2766 827 2801 πλίνθων.
862 2765 1002 2801 Dehinc
1020 2764 1112 2800 reete

302 2820 474 2868 sequentia
488 2817 596 2866 vulgo
614 2816 794 2864 leguntur,
812 2813 870 2850 ubi
888 2814 973 2859 δόμοι
988 2813 1110 2849 dicun-

303 2880 360 2906 tur
376 2866 418 2902 ab
433 2866 539 2902 verbo
557 2870 640 2910 ὃέμω
658 2889 671 2908 ,
697 2864 789 2912 quod
805 2864 887 2898 mox'
903 2862 1111 2898 subnec'titur

303 2919 354 2954 bis
373 2915 414 2951 ab
435 2911 618 2949 Herodoto
635 2938 647 2957 ‚
673 2913 759 2947 adeo
783 2922 823 2947 ut
841 2924 880 2957 ea
901 2924 971 2946 vox
988 2911 1110 2947 auferri

305 2968 338 3003 ei
353 2976 424 3002 non
438 2962 559 2998 debeat
575 2987 586 3006 ,
612 2974 716 3009 quum
738 2961 828 2996 suam
846 2959 909 2994 esse
926 2961 1059 2995 evincat
1077 2972 1110 3005 2,

310 3027 387 3061 127.
436 3011 615 3057 Τπόδεῖμοος
642 3010 660 3054 ὃ
685 3011 704 3042 ’ἳ-
725 3014 839 3056 πρῶτον
863 3008 950 3052 δ’ἇμον
974 3010 1041 3042 >ifex
1059 3016 1111 3042 Αἰ-

306 3066 434 3101 θιοπικὲ
448 3064 566 3097 ποικίλος
581 3084 592 3103 ,
616 3058 675 3093 ubi
692 3056 802 3091 nescio
818 3068 879 3090 cur
887 3055 987 3091 Valla
1001 3065 1111 3090 verte-

306 3115 347 3148 n't
363 3113 483 3147 domum
499 3134 512 3153 ,
539 3108 729 3156 Stephanus
742 3105 916 3151 aedzficium.
964 3103 1020 3141 Ex
1037 3104 1109 3142 De-

1155 360 1263 408 lybius
1285 371 1339 404 10,
1357 372 1411 396 ιι.
1459 361 1603 408 Καθάπερ
1623 365 1654 396 ὂν
1681 365 1858 407 οἰκοδομίαις
1874 384 1885 404 ,
1913 359 1961 393 ἐοὶν

1153 410 1226 450 aaa&
1244 415 1317 455 μίαν
1335 410 1453 444 πλίνθον
1471 413 1527 448 Βῆς
1544 413 1569 458 ²}
1586 411 1713 445 καθ’ἓνοο
1731 412 1837 455 δεσμου
1856 413 1880 458 2}
1895 410 1962 442 καθ’

1155 459 1206 493 ’ένοο
1225 461 1327 505 δόμον,
1352 457 1527 493 Diodorus
1544 459 1648 493 Sicul.
1670 464 1766 505 1,64.
1793 461 1848 496 τέο
1865 460 1883 503 ὂ
1900 462 1962 492 τοί·

1152 523 1211 554 χες
1222 508 1275 542 &Tm‘
1292 509 1346 552 μὲν
1364 507 1573 542 πενἿεκαλὸεκοι
1584 507 1676 553 &cipue
1695 508 1906 553 κοίῖεσκόῧοοζεν
1922 509 1961 541 <im

1156 561 1301 602 μὲλουνΘ-
1319 558 1397 591 alez.
1439 555 1487 590 Et
1507 566 1562 601 17,
1584 565 1662 601 115.
1704 564 1746 593 Εἰς
1763 554 1924 599 τωοίιιονζοῖ
1942 555 1961 601 ᾗ

1158 606 1254 651 <filum
1273 607 1460 651 διελόμενΘ·
1477 607 1497 638 ‘i-
1521 604 1607 639 τόπον
1624 628 1636 647 ‚
1664 608 1688 654 »ᾖ
1704 605 1894 652 nafis-gaicus
1909 605 1964 640 τοὶς

1158 656 1268 700 ὀροφαῖς
1285 659 1422 697 Φοινίκων
1441 655 1585 700 ςελὲχεζι
1604 652 1671 688 &Q
1704 654 1751 689 Et
1766 654 1964 701 exemplum

1157 703 1247 738 aliud
1263 704 1310 738 est
1326 705 1361 737 in
1376 703 1538 739 citatione
1554 702 1736 750 fragmenti
1752 703 1913 752 anonymi
1930 714 1963 736 a·

1158 752 1226 799 pud
1243 751 1480 787 Casaubonum
1494 750 1544 800 {ad
1563 751 1765 787 Strabonem
1789 764 1867 800 pag.
1884 762 1966 798 270.

1159 800 1255 836 Posui
1272 813 1355 849 ergo
1370 811 1559 848 compagem3
1587 800 1672 836 bene
1687 802 1789 836 etiam
1803 801 1899 837 Valla
1914 812 1964 835 or-

1156 849 1277 893 dinem,
1304 849 1366 884 nifi
1382 849 1474 897 quod
1483 850 1608 885 Graeca
1621 863 1691 886 vox
1708 861 1876 899 congruat
1893 862 1965 884 ma-

1158 898 1209 944 gis
1225 899 1406 945 compagi,
1432 899 1467 932 in
1482 911 1548 946 qua
1565 900 1628 934 rite
1645 899 1797 935 facienda
1813 899 1966 935 consistit

1157 945 1310 980 officium
1328 946 1346 985 Ξ
1372 946 1537 993 δείμοονἼΘ
1551 971 1564 991 ,
1587 946 1624 981 &
1646 949 1716 984 illic
1739 948 1788 983 est
1810 948 1898 984 sedes
1912 947 1965 983 bi-

1157 995 1280 1029 tumini
1297 995 1349 1030 vel
1366 996 1470 1039 calci,
1493 995 1550 1039 &‚
1567 1007 1647 1043 quas
1662 997 1719 1031 hic
1735 997 1898 1033 admixtas
1914 997 1969 1032 di-·

1157 1045 1225 1088 cit,
1249 1054 1365 1092 ταρσοῖς
1380 1045 1541 1090 καλάμων.
1575 1045 1670 1090 Quas
1684 1045 1896 1081 confiderent
1910 1045 1966 1081 alii

1157 1105 1201 1128 ex
1219 1092 1329 1128 lubitu
1344 1119 1356 1137 ,
1380 1093 1546 1130 vocabula
1560 1093 1734 1142 explicant
1750 1096 1819 1130 alas
1834 1095 1966 1130 arundi-

1155 1154 1248 1186 num,
1274 1155 1353 1190 quas
1372 1143 1471 1178 Valla
1485 1144 1623 1179 vocavit
1630 1143 1830 1190 ficmmitates
1843 1169 1856 1189 ,
1880 1156 1970 1192 quo—

1156 1191 1245 1225 niam
1262 1192 1296 1225 in
1312 1190 1443 1226 summo
1457 1192 1627 1227 arundinis
1642 1192 1822 1229 nascuntur
1830 1202 1966 1238 ,mate-

1157 1240 1203 1274 ria
1214 1252 1337 1287 nempe
1352 1239 1512 1275 leviflima
1528 1241 1564 1275 &
1580 1252 1640 1289 par
1655 1243 1712 1278 alis
1726 1243 1839 1277 avium
1849 1259 1860 1285 3
1888 1254 1965 1291 quae

1156 1301 1217 1323 cur
1231 1289 1385 1337 instipata
1405 1289 1508 1324 fuerit
1525 1315 1537 1335 ,
1563 1290 1675 1325 dicant
1692 1293 1802 1339 periti.
1837 1292 1965 1327 Salma-

1158 1337 1221 1373 ssus
1237 1338 1320 1374 dicit
1338 1337 1536 1387 [impliciter
1560 1340 1669 1389 accipi
1694 1340 1736 1375 de
1759 1341 1862 1375 textis
1885 1353 1964 1376 can-

1157 1388 1253 1422 niciis
1268 1412 1280 1431 ‚
1306 1400 1382 1435 quae
1407 1387 1543 1436 singulis
1564 1388 1707 1424 laterum
1724 1389 1896 1425 ordinibus
1913 1391 1964 1425 in-

1157 1436 1318 1483 terposita
1340 1446 1434 1470 crant
1450 1439 1485 1471 ὃς
1501 1437 1671 1473 bitumine
1695 1439 1802 1474 oblita
1824 1439 1864 1474 ad
1881 1452 1965 1474 con-

1158 1483 1329 1518 timendam
1346 1484 1554 1520 iti-ueturmn.
1580 1488 1697 1522 Primo
1716 1487 1739 1522 fi
1755 1487 1966 1536 interposita,

1158 1542 1249 1568 certe
1271 1544 1341 1566 non
1365 1532 1507 1579 stipata:
1535 1535 1797 1582 interponuntur
1813 1539 1904 1572 enim
1926 1551 1965 1572 o—

1159 1582 1250 1616 mnia
1266 1581 1385 1616 leniter
1401 1581 1442 1615 ad
1458 1580 1621 1616 fabricam
1637 1585 1814 1618 necessaria
1824 1598 1830 1618 :
1840 1586 1903 1620 alia
1916 1599 1967 1620 ra·

1161 1632 1212 1665 tio
1221 1630 1268 1665 est
1285 1630 1438 1678 stipandi.
1465 1629 1602 1666 Deinde
1616 1630 1708 1678 quod
1724 1630 1838 1666 scribit
1851 1632 1968 1668 defin-

1162 1679 1249 1729 gulis
1265 1679 1438 1715 ordinibus
1454 1705 1466 1725 ,
1491 1679 1539 1715 est
1561 1678 1639 1715 falsa
1661 1679 1748 1716 illius
1769 1679 1969 1735 suppofitio.

1162 1731 1269 1765 Porro
1293 1728 1317 1764 fi
1341 1739 1411 1764 tam
1436 1729 1619 1778 multiplex
1635 1741 1742 1765 canna
1756 1729 1864 1766 adfuit
1878 1756 1890 1775 ,
1914 1743 1969 1767 ea·

1163 1791 1227 1826 que
1243 1791 1349 1814 canna
1364 1777 1492 1814 addidit
1515 1788 1645 1814 tantam
1668 1778 1866 1815 firmitatem
1884 1780 1970 1816 stiu-

1159 1828 1264 1863 'c‘turze
1280 1854 1292 1873 ‚
1317 1838 1409 1862 certe
1431 1826 1582 1863 austores
1598 1828 1786 1878 junxissent
1806 1829 1970 1866 bitumini

1159 1888 1300 1913 cannam
1317 1877 1492 1925 loquentes
1506 1877 1549 1913 de
1565 1877 1616 1914 his
1630 1878 1754 1923 muris,
1780 1879 1839 1927 qui
1854 1889 1970 1915 tamen

1158 1926 1265 1961 solum
1282 1937 1407 1961 norunt
1423 1926 1589 1963 bitumen.
1629 1927 1811 1964 Ridiculus
1832 1928 1990 1977 praeserr

1160 1976 1224 2010 tim
1242 1976 1306 2011 hac
1321 1976 1356 2010 in
1372 1986 1466 2023 parte
1481 1975 1529 2011 est
1536 1976 1665 2022 Faber,
1692 1976 1836 2013 scribens
1853 1978 1969 2026 [Qiae

1158 2035 1254 2060 texta
1269 2037 1349 2060 cuin
1365 2024 1534 2061 bitumine
1556 2026 1640 2061 illita
1654 2052 1666 2071 ,
1690 2026 1798 2062 immo
1814 2027 1966 2070 imbuta,

1159 2074 1262 2110 ess'ent
1278 2100 1289 2119 ,
1314 2086 1477 2122 magnum
1492 2075 1636 2110 laterum
1653 2087 1832 2110 numerum
1848 2074 1903 2110 sua
1918 2075 1966 2110 la-

1157 2123 1304 2159 titudine
1319 2123 1480 2171 tegebant
1504 2122 1540 2158 &
1556 2123 1804 2170 continebant]
1832 2123 1967 2171 Abjicit

1158 2171 1391 2208 Salmafianam
1408 2170 1582 2207 structurae
1597 2173 1862 2217 continentiam,
1878 2173 1914 2208 &
1930 2185 1966 2208 a-

1159 2222 1237 2256 liam
1254 2221 1497 2256 continentiam
1514 2220 1645 2256 inducit
1668 2220 1710 2255 de
1725 2233 1868 2256 numero
1884 2222 1967 2257 late·

1160 2283 1236 2306 rum
1252 2282 1330 2305 cum
1346 2269 1401 2304 sua
1425 2269 1611 2306 latitudine.
1652 2270 1760 2318 Atqui
1776 2276 1879 2317 wgo-ol
1894 2271 1968 2306 istae

1161 2332 1231 2355 non
1247 2319 1461 2354 illinebantur
1476 2331 1519 2354 ex
1534 2318 1635 2366 ipfius
1649 2317 1969 2364 emendatione,sed

1162 2370 1276 2405 πλίνθοι
1289 2396 1296 2406 ,
1314 2381 1390 2416 quae
1407 2367 1628 2404 commodum
1644 2367 1892 2417 praecess‘eiunt.
1909 2369 1971 2404 Sa-

1163 2431 1205 2453 ne
1220 2417 1296 2467 post
1311 2419 1439 2465 aliquot
1455 2417 1588 2453 ordines
1607 2417 1747 2453 demum
1763 2416 1969 2453 adhibeban-

1165 2478 1220 2503 tur
1237 2467 1290 2502 isti
1314 2471 1417 2513 τοιρσοὶ
1430 2491 1441 2510 ,
1466 2479 1536 2502 non
1558 2478 1618 2515 per
1640 2465 1814 2515 fingulos3
1841 2467 1878 2501 in
1899 2479 1971 2515 quo

1163 2516 1268 2565 lapsus
1282 2515 1329 2551 est
1339 2515 1524 2551 Salmasius.
1550 2515 1647 2564 Qud
1661 2525 1775 2550 autem
1791 2525 1890 2550 erunt
1905 2515 1973 2564 ,Ἆῤ

1162 2564 1316 2608 τυῆκονᾷὶ
1333 2564 1431 2608 ὃᾶμων
1448 2564 1506 2600 VCl'
1520 2564 1641 2613 seigam?
1657 2564 1746 2599 Haec
1761 2574 1902 2612 utraque
1917 2564 1972 2600 of-

1162 2615 1229 2650 fert
1245 2614 1317 2650 Th.
1334 2613 1422 2649 Gale
1437 2638 1450 2657 ,
1474 2614 1565 2661 prius
1590 2613 1711 2650 testans
1728 2625 1772 2648 ex
1789 2614 1869 2650 MS.
1885 2612 1968 2648 alte-

1164 2676 1240 2699 ium
1256 2675 1298 2698 ex
1316 2660 1488 2709 Hesychio
1503 2687 1515 2706 ,
1539 2672 1578 2698 ut
1601 2661 1740 2709 perinde
1761 2661 1829 2710 ipse
1850 2662 1885 2696 in
1900 2661 1969 2698 hoe

1164 2714 1265 2749 faciat
1280 2737 1292 2755 ,
1318 2710 1408 2758 quod
1432 2712 1466 2746 in
1484 2710 1643 2746 Salmaiio
1667 2710 1801 2746 videtur
1815 2710 1967 2756 culpare¹

1166 2762 1233 2798 fine
1248 2758 1411 2807 stiffi-agiis
1434 2759 1594 2795 codicum
1608 2769 1774 2796 veterum.
1815 2758 1881 2794 Vel
1896 2769 1968 2792 ma-

1165 2812 1257 2846 xime
1274 2820 1355 2843 cavc
1372 2808 1420 2842 illi
1437 2808 1550 2845 credas
1566 2810 1601 2844 in
1617 2821 1678 2854 eo,
1703 2806 1793 2857 quod
1808 2815 1969 2853 tanquam

1164 2859 1257 2895 faber
1272 2856 1364 2892 addit
1394 2856 1706 2902 [Intciscrebantur
1729 2856 1905 2891 stramenta
1927 2854 1973 2890 ad

1165 2909 1282 2944 lateres
1299 2905 1519 2953 suscipiendos
1537 2933 1548 2952 ‚
1574 2903 1778 2951 tuendosque
1799 2915 1841 2937 ne
1863 2901 1894 2938 se
1917 2914 1968 2938 at-

1166 2965 1312 2992 tererent
1327 2980 1339 2999 ,
1365 2953 1399 2988 ἃ
1415 2953 1445 2990 se
1461 2966 1583 2992 mutuo
1605 2955 1658 2990 sua
1679 2951 1801 2986 duritie
1816 2951 1967 2987 confrin-

1167 3014 1307 3055 gerent3
1336 3002 1432 3039 simul
1448 3004 1483 3039 8<
1498 3005 1539 3040 ad
1555 2999 1817 3049 conspiflandum
1834 3000 1869 3034 ἅ
1885 3013 1971 3036 con-

1167 3052 1396 3101 stringendum
1420 3051 1601 3098 bitumen]
1620 3050 1717 3085 ‘Non
1734 3047 1971 3085 intcisereban-

1166 3113 1240 3146 tur,
1255 3100 1309 3136 sed
1322 3100 1591 3150 ‚perstipabmitur
1598 3114 1611 3145 5
1636 3110 1706 3133 non
1722 3096 1794 3134 sunt
1811 3098 1971 3134 stramen«

1919 3157 1979 3198 ¹³32
