2112 3621
235 200 315 255 962

240 258 318 301 inde
335 274 430 314 patet
446 265 597 299 Dionem
617 274 706 296 nunc
732 272 869 308 quoque
893 258 1007 307 legisse
1023 269 1098 291 ver-

241 315 325 350 bum
342 315 410 349 hoc
427 311 598 348 Herodoti
617 312 651 345 in
675 309 798 346 aelivo.
841 309 938 354 Quid
957 305 1049 355 quod
1064 305 1100 339 δί

242 363 446 400 Plutarchus
464 362 499 395 in
518 359 686 403 Kxnsneen'qc
708 358 754 393 sui
766 358 936 392 Herodoti
955 368 1024 390 non
1041 354 1099 388 ali-

245 422 297 448 ter
313 411 415 446 habet
431 422 532 458 quam
549 412 701 452 ἀναδέξῃ
713 407 725 441 ?
736 407 791 442 En
808 407 956 441 maxima
971 404 1007 439 δί
1024 403 1099 452 plu-

245 463 331 496 rima
348 459 428 495 fidei
444 458 606 508 pignora!

300 514 380 556 369,
400 519 453 556 33.
487 511 536 544 ss‘c
553 510 651 543 ποδῶν
670 504 815 552 εἷ’χονἹο.]
851 502 930 540 MS.
954 505 988 539 ὥς
1003 502 1101 537 ποδῶν

247 558 325 599 ἧκαν.
378 558 476 593 Nota
492 556 540 592 est
558 556 724 604 elegantia
739 580 752 599 ‚
776 565 876 602 quam
896 552 976 588 huic
995 549 1102 585 verbo

248 620 308 655 per
325 607 470 656 genitivi
486 603 773 640 constructionem
789 600 944 637 addidere
960 599 1078 636 Graeci
1090 623 1101 642 ,

250 657 287 691 &
303 656 390 704 fiepe
409 657 517 693 utitur
533 653 732 689 Herodotus
746 678 758 697 ‚
784 661 823 686 ut
839 650 880 686 ab
895 650 976 685 viris
993 647 1102 683 doetis

249 705 366 754 passiin
389 714 546 741 notatum
571 702 619 738 est
635 730 643 742 ,
671 699 922 750 quae'exempla
947 699 1029 733 licet
1044 708 1102 731 au-

277 764 331 791 eat
351 753 408 788 hic
434 753 528 788 locus
554 753 600 787 ita
625 764 668 787 ex
686 751 821 799 optimo
843 747 964 783 codice
988 756 1102 780 corre-

289 815 336 838 us.
363 801 460 838 Adde
471 803 543 851 jam
561 800 691 849 prolata
711 809 833 846 11‚43.

301 856 445 900 369,42.
470 853 687 901 Ε’ξοικιχιλίκς
703 852 726 898 a}
743 845 957 893 ⁷27&noo‘c'8c.]
986 843 1102 889 Quam

251 901 469 939 conniverint
485 912 592 948 nuper
606 900 642 934 in
657 899 724 933 hoc
740 896 817 932 loco
833 897 896 930 rite
912 891 1105 942 speChmdQ

252 962 304 986 res
323 949 391 997 ipsa
409 949 493 984 dicit
511 974 523 993 ‚
548 948 584 983 &
601 960 661 983 cur
687 946 732 981 fic
757 945 960 992 corripuerit
985 951 1102 976 nume-

251 1011 330 1035 rum
347 999 404 1033 hic
421 997 580 1046 scriptor,
609 996 742 1031 notavit
751 995 980 1029 Berneccerus
997 989 1104 1034 adJu-

253 1047 380 1083 stinum
396 1058 431 1090 2,
439 1059 473 1088 9.

304 1106 387 1143 370,
397 1106 452 1141 24.
476 1098 524 1131 n‘c
540 1095 689 1144 προσέχοι)
708 1097 735 1129 ἐς
751 1091 912 1130 τῖαἳΚσίην
930 1089 1005 1136 πλ.]
1027 1085 1104 1121 MS.

254 1147 415 1195 ωσὲχαν
435 1144 513 1186 wc
528 1144 590 1178 τὶαἲ
607 1145 710 1182 Α’σίην.

305 1206 388 1239 370,
400 1203 452 1240 30.
479 1189 730 1238 Κιοσίηςχώρης]
751 1189 807 1224 De
824 1200 889 1235 qua
902 1186 1015 1222 sedulo
1033 1183 1104 1219 col-

251 1243 338 1292 legit
352 1242 462 1290 aliqua
471 1240 569 1276 Nob.
580 1240 712 1275 Thom.
724 1237 890 1282 Stanlejus
907 1236 946 1270 ad
957 1234 1104 1282 AEschy-

252 1292 276 1326 li
295 1290 405 1326 Persas
424 1303 458 1339 p.
475 1294 558 1336 756,
574 1288 651 1324 ideo
678 1287 734 1322 hic
760 1285 856 1320 facile
880 1297 951 1319 non
966 1293 1105 1332 praeter-

255 1340 382 1378 eundus
401 1364 411 1382 ‚
438 1339 516 1387 quia
533 1338 569 1372 &
595 1338 682 1372 hanc
708 1335 918 1370 mentionem
935 1332 1105 1368 Herodoti

254 1390 340 1424 citat
357 1388 393 1423 ὅ(
409 1389 497 1422 viros
517 1387 675 1421 militares
688 1397 731 1419 ex
748 1383 835 1418 libro
851 1395 886 1429 7.

307 1447 452 1484 370‚31.
474 1433 663 1479 Αὐὃέμκοι]
694 1434 750 1467 Sic
767 1432 885 1479 vulgo.
913 1430 961 1465 At
977 1432 1012 1465 in
1024 1429 1104 1464 MS.

256 1486 422 1521 Mediceo
439 1484 536 1532 plane
550 1482 706 1516 scribitur
721 1480 810 1514 idem
835 1491 959 1514 nornen
976 1505 988 1524 ,
1015 1479 1106 1525 quod

255 1534 361 1569 exstat
378 1532 435 1568 lib.
458 1544 471 1566 1
495 1544 569 1578 cap.
591 1531 670 1577 185,
687 1527 954 1576 A’gsssfflnxoo‚etfi
979 1540 1049 1563 non
1066 1527 1106 1564 fit

256 1583 346 1618 idem
364 1582 459 1616 locus
474 1605 485 1624 ‚
511 1589 551 1615 ut
567 1589 661 1627 patet
686 1591 729 1613 ex
755 1578 818 1612 illis
833 1603 846 1622 ,
870 1589 946 1626 quae
962 1576 1004 1611 de
1021 1589 1106 1611 uno—

256 1643 393 1680 quoque
418 1629 597 1665 traduntur
612 1653 623 1672 ,
649 1637 764 1663 tamen
788 1637 827 1662 ut
852 1627 887 1661 in
903 1625 1039 1661 diverfis
1054 1638 1105 1661 re-

256 1679 415 1729 gionibus
429 1679 499 1714 duo
516 1677 591 1713 loca
605 1676 795 1712 exstiterint
814 1677 885 1724 pari
900 1675 1038 1710 nomine
1056 1675 1106 1709 in-

258 1729 364 1777 signia
380 1753 392 1772 ‚
417 1738 457 1763 ut
472 1727 560 1775 saepe
583 1727 759 1774 contigit3
786 1724 839 1760 sed
863 1724 956 1773 quod
977 1724 1019 1759 de
1044 1724 1107 1759 hac

255 1777 481 1826 appellatione
499 1775 653 1823 nequivit
672 1776 732 1810 fibi
748 1775 925 1823 imaginari
939 1773 1107 1817 Ortelius,

256 1836 297 1863 ut
322 1838 433 1874 neque
448 1825 637 1860 Bochai-tus
653 1850 664 1869 ,
690 1825 746 1859 cui
770 1824 910 1872 cognita
931 1822 1104 1857 literarum

255 1875 470 1919 mutati0‚ut
486 1872 623 1922 perinde
639 1874 687 1908 illi
705 1872 745 1908 sit
759 1885 819 1920 per
833 1885 854 1907 n
868 1884 911 1907 an
926 1883 1012 1919 perr
1025 1870 1104 1906 scri-

255 1924 355 1961 batur
370 1949 383 1968 ,
409 1924 590 1959 maximam
621 1934 705 1958 mox
738 1920 878 1956 immisit
909 1920 1081 1955 audaciam
1092 1946 1104 1964 ,

254 1986 356 2021 quam
383 1985 446 2008 nec
471 1984 582 2007 meam
608 1970 695 2006 facio
713 1995 725 2015 ‚
757 1982 820 2005 nec
846 1970 934 2006 ultra
959 1970 1104 2018 attingo.

256 2022 348 2058 Vide
365 2034 438 2057 eam
454 2022 490 2055 in
500 2020 629 2068 Plialeg
644 2032 677 2066 4,
693 2024 746 2054 16.

309 2083 390 2117 370,
403 2075 457 2117 36.
483 2067 589 2114 Η“’μισυ
607 2073 686 2104 oio-iu}
701 2067 910 2116 :rgordffls‘lmss
940 2066 1020 2103 MS.
1033 2066 1103 2114 ἧμι-

256 2136 291 2155 συ
309 2121 388 2154 dmm}
405 2126 431 2154 οἱ
449 2121 548 2165 rencs.
577 2118 632 2153 Sic
649 2130 726 2153 vere
743 2119 876 2166 integra
890 2117 1033 2152 locutio.

306 2179 450 2214 370,40.
478 2166 626 2212 Euvdngt
646 2171 677 2202 ἐν
699 2167 876 2214 dyyex'ntc.]
910 2166 1014 2201 Nihil
1031 2178 1103 2200 cer-

258 2217 343 2260 tius,
368 2227 469 2264 quam
486 2216 520 2250 ὃς
538 2217 652 2250 onmia
666 2215 792 2263 liquida
807 2215 843 2249 ὃς
860 2215 994 2259 oleum,
1011 2214 1103 2263 quod

257 2265 419 2315 profluit,
444 2264 557 2312 excipi
573 2263 695 2299 debere
711 2265 747 2298 in
761 2263 852 2309 vassi,
868 2273 908 2299 ut
919 2265 1034 2299 Latini
1051 2263 1102 2298 di-

256 2323 360 2359 cunt,
376 2318 515 2360 ἀγγεῖα,
539 2322 578 2351 ut
588 2312 874 2357 Graeci,omnino
890 2312 1105 2348 diversissima

258 2365 296 2399 ὃς
311 2362 534 2446 multicplieia,
560 2361 595 2396 δί
614 2360 658 2396 fic
677 2361 805 2410 colligi.
833 2363 952 2408 Itaque
966 2372 1105 2409 apparet

257 2425 375 2449 verum
427 2412 471 2446 ici
496 2410 537 2445 ab
561 2409 696 2445 :merore
715 2427 727 2452 ;
753 2410 807 2445 sed
833 2410 868 2445 id
890 2411 937 2445 ita
961 2409 1103 2457 simplex

257 2462 326 2505 est,
341 2471 380 2496 ut
394 2460 464 2495 fere
480 2459 521 2495 fit
537 2459 676 2494 brutum
691 2459 745 2494 vel
761 2460 884 2507 σαθρὸν,
903 2471 1009 2506 quum
1027 2459 1104 2506 quia

259 2522 431 2558 nunquam
457 2509 553 2544 aliter
575 2509 687 2556 agitur
701 2533 713 2552 ,
738 2520 800 2543 nec
827 2510 882 2557 agi
905 2507 1016 2556 potest
1032 2532 1044 2551 ,
1070 2507 1104 2541 id

259 2560 328 2595 dici
346 2571 417 2593 non
432 2557 561 2592 debeat.
603 2556 670 2592 Sed
685 2558 826 2592 omnino
843 2556 932 2592 aliud
948 2556 1052 2604 longe
1069 2556 1105 2591 δί

258 2608 380 2644 melior
405 2606 510 2642 sensus
525 2605 566 2640 ab
583 2605 765 2641 Herodoto
784 2605 901 2641 lcEtori
920 2605 1106 2640 inculcatus

260 2658 335 2693 fuit.
385 2657 472 2691 Non
489 2655 579 2690 enim
598 2654 640 2689 de
656 2667 698 2689 eo
714 2654 894 2703 agebatur,
920 2654 1040 2702 quibus
1055 2665 1106 2688 re-

259 2706 322 2741 bus
337 2704 556 2753 colligeretur
570 2703 684 2738 oleum
700 2719 712 2745 3
738 2703 792 2738 sed
816 2703 905 2738 haud
918 2702 1022 2738 dubie
1035 2711 1106 2737 erat

262 2756 329 2789 hoc
348 2753 462 2788 oleum
484 2763 690 2799 magnopere
705 2751 874 2788 diveisuin
897 2751 939 2787 ab
955 2750 1032 2785 oleo
1048 2763 1104 2785 na-

260 2802 359 2839 turali
377 2826 388 2845 ,
412 2802 504 2848 quod
520 2813 563 2835 ex
578 2801 675 2836 olivis
691 2801 954 2849 exprimebatur.
998 2799 1039 2835 Id
1054 2799 1105 2835 in-

262 2860 385 2888 tererat
402 2848 475 2884 sciri
492 2874 503 2893 ,
528 2851 622 2896 cujus
638 2849 727 2885 foret
751 2860 878 2885 nattute
895 2874 907 2892 ,
931 2848 967 2883 &
985 2849 1019 2883 in
1037 2861 1106 2896 quo

261 2900 396 2936 distaret
419 2898 459 2932 ab
485 2898 561 2931 olco
585 2910 676 2933 vero.
727 2899 845 2946 Itaque
869 2897 1021 2932 mirabile
1039 2897 1105 2941 est,

263 2947 355 2998 quod
369 2947 500 2982 bonitas
520 2945 645 2981 codicis
662 2946 851 2981 Florentini
868 2959 929 2981 nos
946 2946 1048 2981 docet
1063 2946 1105 2981 ab

262 2995 446 3033 Herodoto
461 2993 621 3041 scriptum
636 2994 720 3039 effe,
743 2995 902 3030 videlieet
916 3004 1048 3029 tantum
1066 2994 1105 3029 il-

261 3048 291 3081 la
307 3072 319 3091 ‚
344 3045 378 3080 τὸ
394 3044 412 3090 ‘j
430 3044 527 3079 ἔλαιον
549 3049 573 3076 οἱ
591 3046 694 3089 Πέρσου
714 3045 838 3089 καλὲεζζι
855 3042 1008 3089 ῥαδινάκην
1025 3054 1032 3061 ·
1062 3044 1104 3079 ’έςι

261 3097 280 3136 *si
299 3098 394 3140 μέλων
409 3117 420 3134 ‚
445 3095 468 3140 »ᾖ
487 3091 592 3136 nidulum*
607 3090 809 3137 παρεχόμῖζυον
832 3094 961 3138 βαρέων.
1004 3090 1106 3125 Nihil

258 3142 376 3190 latagit
401 3140 443 3176 de
460 3139 553 3176 vasis.
615 3139 682 3175 Sed
706 3139 815 3175 statim
840 3138 985 3175 ostendit
1000 3138 1104 3175 Pei-fis

564 195 734 252 JAe.
798 189 1296 236 GRoNov11

1369 190 1646 234 NOTAE

1151 256 1183 291 id
1201 255 1315 292 haberi
1340 256 1504 306 singulare
1529 270 1637 307 genus
1658 257 1796 306 liquoris
1811 283 1823 302 ‚
1849 256 1941 305 quod
1962 255 2009 291 fi-v

1152 305 1379 341 militudinem
1396 306 1462 341 olei
1478 319 1550 355 prae
1573 305 1605 342 se
1628 306 1711 345 ferat
1729 333 1740 352 ,
1765 306 1820 342 sed
1838 316 1952 341 tamen
1967 305 2005 340 ὃς

1153 353 1268 389 colore
1284 355 1341 389 suo
1357 354 1394 388 &
1408 355 1514 391 odore
1530 355 1641 392 statim
1656 356 1688 392 se
1704 355 1845 404 prodat,
1869 364 1907 390 ut
1922 354 2004 389 hinc

1154 401 1260 454 lJersae
1278 402 1434 450 specifica
1450 405 1676 453 appellatione
1701 404 1914 440 distinxerint
1928 428 1941 447 ‚
1968 402 2008 437 δε

1153 450 1211 485 lub
1227 451 1293 486 alio
1317 453 1457 488 nomine
1471 454 1588 489 venale
1609 454 1646 488 in
1669 454 1814 489 tabernis
1829 451 2008 488 exstiterit.

1136 504 1137 507 ’
1155 500 1257 535 Plane
1272 500 1378 549 igitur
1394 501 1533 536 dimitto
1556 503 1769 538 mentionem
1786 501 1940 537 vasorum
1964 500 2006 536 fi-

1156 561 1197 584 ne
1210 548 1335 584 damno
1351 549 1524 584 Herodoti
1540 551 1595 586 vel
1611 551 1711 600 hujus
1726 551 1850 586 Persici
1865 551 1942 585 olei.

1206 608 1286 645 370,
1301 597 1357 645 48.
1383 599 1515 640 ΤωἼοᾶοι
1532 602 1572 634 τ’Λι
1589 600 1719 647 ΣποᾶςἹης
1734 599 1829 646 &c.]
1863 599 1915 634 Ut
1930 599 2009 646 opi-

1156 659 1218 681 nor
1234 672 1246 690 ,
1272 647 1358 682 bene
1373 646 1466 682 ceffit
1482 648 1665 697 exemplari
1685 648 1847 683 Mediceo
1863 647 2008 683 omisisse

1157 707 1226 730 non
1236 696 1425 741 necem-iria,
1435 707 1597 745 patetque
1613 710 1651 733 ea
1666 697 1770 733 deleri
1779 696 1912 732 debere.
1939 695 2009 731 Sed

1158 756 1227 779 non
1243 754 1377 780 tantum
1395 755 1490 794 patet
1507 759 1580 782 mea
1596 748 1645 783 vis
1660 773 1673 792 ,
1697 757 1736 782 ut
1752 758 1843 785 nunc
1870 756 2007 794 quoque

1158 793 1359 828 confirmem
1375 792 1594 831 accessionem
1605 809 1701 844 ,quae
1717 795 1768 831 his
1784 795 1892 830 verbis
1907 794 1949 830 ab
1966 793 2008 828 il-

1158 842 1192 876 lo
1208 841 1279 890 ipso
1297 842 1418 878 codice
1433 844 1603 880 adduntur
1617 844 1887 894 interponendo,
1913 842 2008 892 quod

1159 891 1263 925 modo
1289 892 1347 926 vix
1371 892 1497 928 leffihltn
1522 893 1570 928 est
1585 919 1596 938 3
1629 894 1705 939 μεῶὂ
1731 893 1791 928 τῖα)
1816 898 2010 932 πανσέληνον.

1159 939 1263 973 Nihil
1287 941 1436 975 occurrit
1452 967 1464 985 ‚
1496 954 1557 976 cur
1587 944 1706 990 opiner
1732 943 1844 978 iterari
1868 941 1933 977 deb
1940 953 2012 977 ere.

1159 988 1206 1022 Et
1221 998 1335 1023 tamen
1352 1001 1486 1038 quoque
1504 991 1680 1038 imaginari
1695 992 1781 1026 mihi
1797 1003 1929 1039 nequeo
1948 990 2008 1026 ali-

1159 1037 1239 1084 quid
1253 1036 1373 1072 frustra
1387 1048 1445 1074 aut
1461 1048 1588 1074 temere
1605 1040 1640 1074 in
1654 1039 1718 1074 isto
1733 1041 1839 1075 MSto
1851 1049 2010 1075 notatum

1160 1085 1234 1121 esse.
1258 1087 1357 1130 Quin
1368 1096 1407 1123 tu
1424 1087 1522 1132 vide,
1547 1101 1648 1136 quam
1665 1087 1842 1125 indefinita
1857 1088 1898 1124 sit
1912 1087 2013 1136 spatii

1161 1134 1196 1168 ὃς
1212 1137 1373 1182 temporis
1388 1136 1645 1185 mensura,post
1663 1137 1886 1186 plenilunium
1904 1134 2013 1173 venii:-

1144 1207 1145 1210 =
1160 1181 1191 1217 se
1207 1182 1384 1229 Athenas,
1411 1187 1458 1221 ita
1479 1185 1616 1222 festinos
1632 1211 1643 1231 ‚
1669 1195 1709 1222 ut
1726 1186 1841 1222 triduo
1855 1198 1956 1235 quam
1974 1198 2012 1221 e-

1159 1232 1257 1280 greffi
1275 1233 1337 1269 sint
1355 1233 1373 1269 ἐ
1392 1235 1533 1283 Sparta,
1558 1237 1594 1271 in
1611 1236 1764 1271 Atticam
1783 1236 2013 1285 pervenerint,

1161 1283 1196 1317 Si
1212 1294 1332 1330 rogem
1356 1293 1484 1331 quanto
1507 1295 1663 1332 tempore
1685 1285 1761 1332 post
1783 1284 2012 1333 plenilunium

1160 1334 1315 1378 eguerint
1333 1333 1385 1367 vel
1403 1333 1452 1368 usi
1469 1333 1593 1368 fuerint
1611 1333 1652 1368 ad
1678 1333 1875 1369 armandum
1892 1334 1929 1368 &
1949 1345 2009 1368 co-

1161 1382 1229 1426 pias
1246 1382 1500 1429 componendas
1515 1381 1529 1416 ?
1555 1383 1611 1417 De
1626 1395 1668 1418 eo
1685 1395 1754 1417 non
1769 1383 1854 1417 dicit
1868 1407 1880 1426 ‚
1907 1380 1943 1416 &
1957 1391 2009 1416 ta-

1162 1440 1240 1462 men
1256 1430 1332 1464 inde
1351 1431 1453 1466 ctiam
1471 1443 1523 1465 res
1540 1431 1676 1479 pendet.
1715 1432 1899 1480 Propterea
1915 1439 1955 1465 ut
1972 1430 2008 1465 id

1161 1475 1248 1510 clare
1265 1489 1440 1524 appareret
1455 1504 1468 1522 ,
1491 1480 1626 1514 videtur
1644 1490 1796 1527 repetere
1813 1505 1825 1524 ,
1850 1478 1941 1528 quafi
1956 1479 2008 1514 di-

1163 1533 1218 1558 cat
1234 1525 1313 1560 istos
1329 1526 1483 1561 Laconas
1499 1528 1575 1574 post
1590 1528 1812 1574 plenilunium
1827 1528 1950 1564 venisse
1958 1528 2009 1563 A-

1165 1573 1282 1609 thenas
1299 1599 1310 1618 ,
1335 1573 1389 1608 sed
1406 1587 1444 1609 ea
1459 1575 1642 1609 velocitate
1659 1575 1695 1609 ὅ(
1711 1577 1869 1623 cupidine
1885 1588 2009 1611 occur-

1161 1621 1255 1657 rendi
1269 1623 1311 1657 ad
1325 1635 1397 1658 rem
1414 1622 1618 1672 gerendam,
1634 1633 1674 1658 ut
1690 1625 1793 1660 tertio
1809 1623 1940 1672 prorsus
1955 1623 2011 1659 die

1163 1671 1238 1714 post
1256 1672 1480 1720 plenilunium
1506 1673 1685 1709 adfuerint.
1734 1673 1843 1719 Qiod
1860 1673 1926 1708 iter
1939 1684 2010 1708 non

1162 1720 1347 1757 conficitur
1361 1720 1402 1756 ab
1419 1722 1684 1758 hemerodromo
1699 1748 1712 1768 ‚
1736 1722 1798 1757 nisi
1812 1721 1927 1757 biduo.
1962 1721 2012 1757 Et

1160 1769 1333 1805 confidet-a
1367 1769 1500 1819 insuper
1539 1781 1676 1820 tempus
1714 1771 1934 1807 necessarium
1973 1770 2012 1806 in

1160 1819 1398 1867 comparando.

1210 1881 1291 1914 371,
1304 1880 1315 1902 1
1327 1880 1355 1914 5.
1381 1872 1511 1904 Kam'w
1528 1869 1548 1915 ὃ
1565 1869 1639 1906 τέτε
1649 1870 1739 1918 &c.]
1766 1868 1933 1905 Audimus
1947 1880 2010 1905 ex-

1158 1917 1283 1952 cessum
1301 1918 1449 1952 historiae
1465 1944 1476 1962 ‚
1502 1920 1558 1954 cui
1582 1919 1723 1955 similem
1750 1918 1807 1954 suo
1825 1919 1919 1966 operi
1936 1929 2007 1955 non

1158 1966 1296 2002 indulfit
1315 1966 1510 2003 Herodotus
1526 1983 1538 2010 5
1566 1980 1675 2016 neque
1698 1970 1787 2004 inter
1809 1978 1864 2003 tot
1881 1967 2007 2004 tantos-

1159 2028 1224 2063 que
1240 2017 1328 2051 viros
1339 2042 1350 2060 ,
1374 2017 1431 2063 qui
1451 2017 1487 2051 in
1502 2029 1544 2051 eo
1559 2027 1810 2060 memorantur,
1835 2017 1920 2052 ullus
1936 2016 2005 2060 est,

1158 2077 1260 2111 quem
1285 2075 1377 2100 tanta
1399 2064 1441 2098 ad
1463 2065 1595 2101 laudem
1617 2066 1808 2114 famamque
1827 2076 2004 2101 commen-

1158 2114 1251 2149 datio
1269 2115 1485 2161 prosequatur
1501 2138 1512 2157 ‚
1536 2127 1641 2162 quum
1658 2125 1773 2150 tamen
1795 2124 1887 2149 certe
1903 2112 2003 2149 multi

1160 2162 1241 2207 snit,
1251 2162 1293 2197 de
1309 2162 1428 2210 quibus
1444 2162 1512 2197 dici
1528 2173 1628 2210 queat
1643 2163 1733 2199 τέτων
1748 2163 1827 2205 οῖ’ξιον
1842 2160 1907 2201 ἔνθα
1923 2176 2004 2202 πολ-

1157 2217 1247 2258 Maxi
1256 2213 1379 2257 μνῆμῖω
1397 2211 1568 2254 mivloe‘gwoo
1584 2213 1663 2258 ’ἔχειν
1673 2237 1684 2255 ,
1698 2211 1880 2260 praesertim
1895 2225 2003 2261 quum

1158 2273 1234 2307 quae
1251 2259 1293 2295 de
1318 2261 1384 2296 hoc
1401 2260 1507 2295 Callia
1531 2271 1726 2305 narrantur,
1753 2260 1816 2297 sint
1839 2261 1943 2298 aliena
1959 2266 2003 2302 ab

1159 2310 1219 2345 filo
1234 2310 1381 2345 historia:
1397 2335 1408 2353 ‚
1434 2322 1534 2356 quam
1560 2309 1679 2345 tractat
1696 2326 1708 2352 3
1734 2309 1770 2344 &
1786 2320 1910 2359 praeter
1930 2315 2004 2360 pal-

1159 2371 1228 2394 mas
1244 2360 1278 2393 in
1294 2358 1379 2393 ludis
1395 2358 1592 2393 contineant
1614 2369 1747 2394 tantum
1762 2359 1946 2396 domestica
1959 2364 2002 2399 de

1158 2407 1289 2443 filiabus
1311 2407 1346 2441 ἕξ
1370 2407 1523 2455 largitate
1549 2408 1692 2444 dotium.
1739 2409 1836 2455 Qid
1859 2410 2004 2457 quaeris?

1159 2456 1263 2492 Certe
1281 2456 1406 2492 nullam
1422 2457 1554 2492 literam
1568 2457 1711 2493 univerfi
1727 2457 1826 2503 hujus
1841 2458 2003 2506 excessus,

1160 2505 1260 2553 usque
1276 2506 1317 2540 ad
1335 2506 1384 2540 Kal
1402 2511 1427 2539 οἱ
1445 2509 1674 2551 Α’Ᾱκμοαωνίὸω
1690 2502 1788 2555 potui
1805 2509 1952 2556 reperire
1965 2511 2001 2545 in

1160 2556 1294 2603 optimo
1312 2553 1430 2589 codice
1446 2579 1458 2597 ‚
1482 2564 1521 2589 ut
1539 2555 1620 2590 hinc
1645 2555 1799 2592 dubitare
1816 2569 2000 2605 nequeam,

1160 2605 1241 2651 quin
1264 2604 1376 2651 aliquo
1408 2602 1523 2650 postea
1552 2613 1706 2653 tempore
1730 2605 1772 2641 ab
1794 2606 1860 2641 alio
1881 2605 2001 2642 adscri-

1160 2664 1259 2702 ptum
1284 2651 1427 2700 margini
1450 2651 1603 2688 librarius
1624 2655 1766 2690 nimium
1789 2654 1893 2691 facilis
1908 2667 2001 2691 rece·-

1161 2712 1248 2750 perit
1263 2714 1298 2736 in
1313 2709 1523 2737 contextum.

1211 2762 1292 2798 371,
1304 2749 1356 2795 38.
1382 2750 1437 2786 ‘1225
1454 2751 1668 2799 iba-onosma]
1696 2751 1788 2788 Mire
1802 2752 1945 2789 volucrit
1962 2753 2000 2789 in

1159 2801 1301 2848 negotio
1327 2796 1454 2847 prorsus
1480 2811 1569 2834 vano
1591 2799 1758 2837 declarare
1783 2800 1999 2847 Herodotus,

1161 2861 1260 2897 quam
1275 2848 1376 2883 fuerit
1397 2847 1555 2894 proclivis
1571 2848 1606 2884 δε
1622 2860 1738 2886 acutus
1761 2851 1796 2884 in
1820 2861 1888 2884 non
1905 2850 1998 2885 usur—

1160 2898 1277 2946 pandis
1294 2896 1406 2931 iisdem
1423 2897 1583 2942 vocibus,
1602 2897 1625 2933 fi
1644 2911 1734 2934 nunc
1748 2897 1910 2946 scripserit
1925 2903 1998 2934 ὐπο-

1159 2951 1291 2989 norme,
1315 2955 1396 2980 mox
1420 2956 1489 2980 uno
1514 2946 1680 2983 verficulo
1705 2955 1761 2982 aut
1790 2958 1861 2981 non
1885 2948 1998 2984 multo

1160 2995 1301 3041 amplius
1317 3002 1408 3028 certe
1424 2995 1625 3043 interposito
1639 2996 1688 3031 nic
1701 2994 1816 3032 λοιπές.
1839 2995 1944 3031 Certe
1959 2998 1997 3033 in

1160 3043 1236 3078 libri
1269 3042 1431 3089 sequentis
1461 3045 1573 3091 capite
1608 3055 1666 3089 41,
1699 3043 1874 3092 postquam
1907 3045 1996 3083 dixit

1159 3095 1199 3127 <Em
1221 3096 1246 3127 ἓ
1269 3096 1376 3125 Λοιπῶν
1394 3096 1520 3139 negaram(
1535 3118 1547 3137 ,
1571 3090 1762 3127 subne&cre
1779 3106 1847 3128 non
1864 3094 1997 3132 dubitat

1158 3140 1288 3176 ἑλοιπός
1301 3139 1431 3185 ἕμιλςὶὲκ
1471 3141 1538 3178 Sed
1552 3139 1635 3176 scito
1652 3141 1721 3190 legi
1741 3143 1843 3178 ctiam
1859 3143 1928 3179 hoe
1943 3143 1995 3178 lo-

1951 3204 1999 3236 CQ
