2112 3621
391 255 489 296 DE
555 251 879 296 CTESIA
942 253 1550 311 DISQUISITIO.
1725 257 1805 309 627

139 323 207 360 hoc
222 324 256 358 in
271 321 385 358 libello
400 320 420 356 ὲ.
436 321 551 357 Ctefia
565 319 763 367 descriptam
782 318 966 354 habemus?
992 328 1030 354 ut
1046 321 1204 356 omittam
1222 321 1304 356 illud
1321 323 1412 370 quod
1432 336 1494 371 pro
1512 323 1590 358 artis
1605 322 1670 357 suae
1681 325 1807 370 (quum

132 372 288 407 medicus
301 370 401 411 esset)
428 370 558 405 solertia
574 395 586 412 ,
609 378 648 403 ut
666 368 854 403 observavit
869 393 881 412 ,
907 368 953 402 ita
971 366 1006 401 &
1023 367 1205 403 observasse
1221 370 1338 405 debuit
1358 383 1364 403 :
1394 373 1556 407 nimirum
1574 372 1655 406 illud
1672 372 1806 419 lignum

138 421 269 455 δίδοσθαι
288 427 346 455 τοῖς
361 428 520 454 κοιλιακοῖς
536 418 690 461 βοήθημα.
716 417 771 451 vel
789 416 855 451 tale
871 415 953 466 quid
969 415 1066 463 quale
1082 417 1147 451 alio
1163 418 1308 465 quodam
1327 420 1404 454 loco
1422 421 1594 455 narratur?
1612 431 1735 467 nempe
1750 430 1808 454 aut

135 469 256 502 miram
275 466 447 515 cujusdam
466 466 586 501 radicis
601 466 641 500 ad
657 465 899 514 corrigendum
927 465 1071 498 nimium
1099 464 1190 500 lastis
1213 466 1307 501 usum
1325 469 1488 503 virtutem
1510 483 1517 503 :
1544 480 1600 503 aut
1621 494 1631 512 ,
1658 467 1750 515 quod
1766 468 1808 503 de

136 515 304 550 asinorum
322 515 530 564 sylvestrium
547 527 654 549 cornu
672 514 797 549 refert?
814 515 871 561 qui
889 512 907 547 e
927 513 1058 560 poculis
1075 525 1116 547 ex
1132 526 1248 549 eorum
1268 528 1375 550 cornu
1393 518 1487 551 conf(
1495 517 1556 551 {iis
1572 517 1808 560 biberint,ne-

135 576 200 611 que
216 564 341 612 spasmo
358 577 434 608 eos,
462 576 571 612 neque
585 563 750 598 comitiali
767 562 889 597 inorbo
906 562 1051 608 corripi:
1079 561 1131 596 sed
1149 564 1479 610 neque,duinmodo
1497 575 1554 599 aut
1571 566 1688 598 vinum
1700 575 1756 599 aut
1774 578 1808 600 a-

136 625 236 660 quam
253 623 310 648 aut
325 614 549 661 poculentum
568 612 693 659 aliquid
711 611 800 646 aliud
819 623 860 645 ex
886 610 1080 656 hujusmodi
1107 613 1235 657 poculis
1261 612 1377 647 bibant
1396 638 1407 655 ,
1434 614 1507 647 illos
1524 613 1642 647 hausto
1660 624 1716 648 aut
1731 624 1809 649 ante

135 672 194 697 aut
212 661 288 709 post
304 662 445 696 minime
461 662 597 696 interire
613 672 744 696 veneno
764 657 776 693 ?
802 659 1033 706 Nequaquam
1059 659 1214 706 pi‘osec‘to
1238 660 1278 694 ab
1301 661 1466 707 imperitis
1483 661 1549 695 istis
1565 662 1810 698 mercatoribus

135 709 344 758 expedienda
359 711 435 745 haee
454 710 598 744 narratio
615 709 728 743 suerit.
754 707 835 756 quid
855 708 961 756 igitur
977 708 1023 742 illi
1042 707 1224 743 narrabunt
1243 708 1255 743 ?
1283 710 1443 744 nimirum
1461 709 1491 743 se
1509 709 1624 744 vidisse
1641 710 1810 758 sylvestres

136 758 243 793 asinos
257 771 367 794 cornu
383 760 418 793 in
434 758 547 793 fronte
564 757 752 805 gestantes,
778 757 872 804 quod
890 759 986 805 cujus
1005 757 1130 792 coloris
1145 757 1224 792 esset
1255 758 1441 792 discernere
1457 770 1524 792 non
1543 760 1737 805 potuerint,
1755 760 1810 794 sed

135 819 200 842 nec
214 806 288 841 satis
304 808 375 853 ejus
393 807 665 854 magnitudinem
685 804 982 840 consideraverint.
1009 806 1111 841 Hanc
1129 816 1242 840 autem
1260 808 1330 841 vim
1349 807 1428 840 huic
1449 819 1556 841 cornu
1574 808 1637 841 esse
1655 808 1809 851 insitam,

138 865 208 890 tam
225 856 299 891 sunt
316 855 435 899 nescii,
447 852 548 902 quam
568 856 590 889 ii
609 855 665 902 qui
684 866 855 902 nunquam
875 866 917 889 ne
935 854 1100 889 Indorum
1118 855 1254 902 quidem
1272 867 1397 889 nomen
1414 855 1626 890 audiverunt.
1652 857 1741 891 Haec
1751 870 1810 891 au-

136 913 206 939 tem
224 903 244 938 a
259 916 314 939 me
332 904 462 939 idcirco
481 904 537 938 hic
556 903 738 947 dicuntur,
756 902 883 947 166101,
909 913 947 938 ut
964 904 1097 950 quoties
1117 904 1152 938 111
1167 903 1326 951 quosdam
1343 904 1499 938 homines
1515 904 1811 954 incides,quiplus

136 951 218 988 fidei
235 952 277 988 de
296 952 360 988 illis
376 952 474 989 rebus
490 978 502 997 ,
527 951 772 987 mercatoribus
788 953 890 987 etiam
914 952 1101 987 litterarum
1129 953 1295 1000 imperitis
1310 978 1321 997 ,
1348 965 1448 1000 quam
1466 953 1521 987 vel
1538 952 1732 989 doftissssinis
1754 967 1812 989 an-

135 1001 238 1050 tiquis
253 1000 473 1050 scriptoribus
488 1001 719 1036 adhibendum
737 1001 800 1035 effe
818 1000 961 1035 credunt
979 1026 990 1044 ,
1017 1002 1050 1035 in
1069 1011 1233 1049 promptu
1250 1001 1314 1036 tibi
1331 1001 1425 1049 quod
1442 1001 1505 1037 illis
1523 1003 1744 1051 nugatoribus
1760 1017 1810 1038 re-

135 1050 315 1098 spondeas,
341 1051 411 1085 esse
420 1049 531 1098 possit.
558 1050 667 1095 Qiod
684 1049 707 1084 si
723 1051 795 1097 quis
811 1061 867 1084 me
882 1060 1003 1097 roget,
1028 1062 1071 1084 an
1086 1062 1149 1085 nec
1166 1050 1292 1085 Ctesiae
1303 1074 1314 1094 ,
1342 1063 1404 1085 1166
1420 1050 1490 1085 aliis
1506 1052 1643 1086 vetustis
1659 1053 1811 1088 authori-

136 1097 198 1134 bus
215 1111 326 1134 rei·um
344 1099 538 1148 hujusiriodi
555 1099 729 1134 historiam
745 1097 1009 1133 describentibus
1028 1098 1259 1147 derogandam
1276 1099 1418 1134 arbitrer
1427 1100 1491 1134 6116
1507 1100 1610 1135 fidem
1621 1127 1631 1145 ,
1650 1102 1705 1136 ille
1722 1101 1739 1136 a
1757 1112 1812 1136 me

136 1148 206 1182 hoc
224 1146 416 1196 responsum
434 1148 538 1183 feret:
565 1160 621 1182 me
636 1147 730 1182 domi
748 1146 784 1181 ὅ(
799 1148 835 1182 in
851 1147 958 1194 patria
974 1159 1048 1181 mea
1065 1156 1120 1182 tot
1141 1157 1302 1194 tantaque
1318 1160 1430 1182 rerum
1450 1149 1562 1183 videre
1579 1149 1693 1197 passim
1711 1151 1811 1185 mira-

138 1196 232 1240 cula,
258 1206 297 1231 ut
313 1209 418 1244 quum
434 1197 508 1231 illos
525 1197 583 1243 qui
601 1196 643 1230 de
659 1196 912 1244 peregrinarum
929 1196 1111 1244 regionum
1131 1196 1299 1231 miraculis
1317 1197 1517 1243 scripserunt
1540 1198 1638 1246 lego:
1666 1209 1742 1234 tum
1753 1199 1810 1233 de-

136 1257 232 1279 mum
248 1245 350 1280 velim
367 1270 379 1289 ,
406 1246 601 1293 Scepticam
627 1245 786 1292 usurpans
809 1245 957 1290 ἐποχῐα),
983 1244 1096 1278 dicere
1114 1247 1129 1278 ἐ
1144 1250 1284 1290 μᾶλλον,
1311 1244 1344 1279 id
1361 1246 1408 1279 est
1428 1249 1444 1279 ἐ
1460 1252 1580 1290 μᾶλλον
1599 1247 1733 1292 πιςοῖίω,
1761 1248 1778 1286 »7⁴
1795 1249 1812 1281 ἐ

137 1293 260 1330 πιςοῖίω.
286 1292 311 1328 11
330 1303 462 1328 tantum
480 1293 536 1328 illa
560 1294 707 1341 excipias
731 1304 807 1340 quae
831 1293 877 1328 ita
902 1291 921 1327 a
943 1293 1074 1328 ratione
1098 1292 1282 1328 abhorrent
1297 1319 1308 1338 ,
1335 1300 1374 1329 u't
1399 1306 1440 1328 ne
1463 1293 1531 1342 ipse
1553 1296 1689 1342 quidem
1706 1296 1812 1331 sensus

137 1342 329 1376 communis
347 1354 384 1376 ea
400 1354 590 1390 quenquam
607 1342 755 1390 patiatur
771 1342 962 1376 admittere.
989 1341 1087 1386 Qid
1105 1341 1128 1376 11
1148 1354 1229 1376 vero
1247 1367 1258 1386 ,
1285 1355 1353 1389 quo
1373 1344 1481 1391 magis
1497 1343 1577 1378 tales
1592 1344 1667 1379 sunt
1684 1358 1734 1380 res
1752 1346 1811 1380 ali-

136 1402 234 1437 quae,
258 1402 300 1424 eo
316 1391 418 1425 etiarn
438 1391 545 1439 magis
565 1391 652 1426 inter
668 1390 830 1425 miracula
846 1415 858 1434 ,
883 1389 936 1424 sed
960 1402 1030 1424 non
1053 1391 1142 1425 inter
1165 1391 1375 1425 incredibilia
1391 1402 1504 1425 tamen
1522 1392 1707 1428 referendae
1723 1393 1812 1429 fint?

138 1439 232 1474 Nam
248 1439 302 1474 vel
318 1439 405 1474 istud
424 1441 520 1487 quale
539 1439 580 1474 sit
598 1439 783 1474 considera.
809 1439 962 1473 Fuerunt
979 1440 1133 1473 nonnulli
1162 1439 1271 1486 prisco
1295 1439 1418 1473 steculo
1434 1440 1590 1475 homines
1606 1465 1618 1484 ,
1644 1443 1701 1488 qui
1718 1442 1811 1490 quod

136 1487 179 1522 de
194 1487 335 1535 quadam
355 1488 473 1523 Indica
490 1501 550 1523 ave
567 1488 784 1531 narrabatur,
809 1499 882 1521 eam
902 1487 1063 1521 videlicet
1082 1487 1117 1521 in
1136 1487 1253 1530 India,
1280 1487 1437 1522 Indicum
1449 1513 1460 1532 ,
1474 1489 1566 1523 illinc
1583 1491 1617 1523 111
1636 1492 1810 1525 (jraecinm

137 1536 417 1584 transportatam,
444 1538 611 1571 Graecum
628 1536 816 1570 sermonem
834 1533 980 1578 discere,
1007 1534 1041 1568 δί
1062 1535 1241 1569 hominum
1267 1548 1363 1570 more
1378 1537 1567 1572 articulatas
1575 1538 1810 1586 distinciasqiie

138 1597 240 1619 voces
255 1584 390 1619 tandem
408 1584 578 1632 proferre:
606 1584 674 1618 hoe
690 1593 729 1617 ut
746 1583 844 1630 plane
860 1582 1037 1617 absurdum
1054 1583 1089 1617 δε
1107 1584 1263 1630 ineptum
1280 1596 1537 1629 commentum,
1561 1586 1809 1623 exsibilandum

138 1632 458 1680 explodendumque
477 1632 540 1666 ess'e
558 1631 718 1666 dixerint.
746 1630 924 1675 Qinam?
950 1643 1074 1679 nempe
1091 1644 1161 1666 non
1176 1632 1232 1666 alii
1249 1645 1348 1680 quam
1367 1632 1487 1679 quibus
1503 1634 1697 1682 hujusmodi
1711 1649 1808 1671 avem

138 1693 181 1715 ex
199 1680 323 1715 Indicis
338 1681 404 1715 oris
418 1679 592 1715 advecffiim
609 1680 724 1714 videre
741 1692 913 1726 nunquam
937 1680 1144 1728 contigisset.
1171 1681 1266 1715 Nam
1285 1682 1432 1716 Ovidius
1448 1681 1483 1716 ἃ
1500 1684 1646 1728 Statius,
1673 1684 1809 1721 fortasse

139 1729 175 1763 ἃ
192 1727 253 1776 ipsi
269 1754 280 1773 ,
305 1729 480 1764 hominem
499 1729 533 1763 id
551 1738 879 1763 commemorantem
898 1752 910 1771 ,
935 1739 974 1763 ut
991 1738 1106 1776 aperte
1131 1730 1330 1764 mendacem
1348 1755 1359 1774 ,
1385 1731 1564 1778 aliquando
1581 1733 1645 1768 risu
1663 1745 1808 1782 excepe-

140 1787 214 1812 rant
231 1790 238 1812 :
266 1787 299 1812 at
316 1777 494 1826 postquam
512 1776 614 1825 ipsam
632 1778 696 1812 illis
710 1777 826 1811 datum
845 1776 910 1811 fuit
929 1790 1025 1812 avem
1043 1789 1181 1813 cernere
1198 1778 1233 1812 &
1256 1779 1371 1814 audire
1389 1804 1400 1823 ,
1426 1792 1526 1827 quam
1545 1793 1582 1815 ea
1597 1781 1639 1816 de
1655 1794 1691 1816 re
1707 1782 1807 1817 famae

138 1825 175 1861 &
193 1825 334 1861 aliorum
352 1826 496 1861 sermoni
510 1825 669 1861 adhibere
687 1825 790 1860 fidem
817 1825 994 1861 noluerant
1010 1851 1021 1870 ,
1048 1838 1120 1861 eam
1148 1826 1210 1861 suis
1232 1826 1380 1874 ipsorum
1398 1829 1503 1863 oculis
1521 1829 1681 1865 adhibere
1697 1830 1807 1865 coafti

140 1873 289 1909 fuerunt.
316 1875 384 1919 Et,
407 1885 446 1910 ut
465 1875 539 1910 illos
555 1884 745 1918 taceamus,
772 1874 943 1921 hodieque
958 1875 1104 1924 vulgaris
1121 1875 1168 1910 est
1185 1876 1269 1910 adeo
1287 1876 1342 1910 illa
1360 1878 1448 1919 avis,
1476 1888 1513 1911 ut
1530 1888 1645 1913 extare
1660 1880 1807 1926 aliquem

140 1923 198 1970 qui
213 1923 305 1958 dicat
321 1923 518 1959 incredibile
535 1924 599 1958 esse
616 1923 708 1971 quod
731 1922 772 1958 de
799 1923 853 1956 illa
879 1934 1030 1958 narratur
1046 1948 1058 1968 ,
1084 1924 1117 1959 id
1144 1924 1282 1959 demum
1311 1925 1408 1960 nobis
1426 1926 1522 1973 plane
1540 1926 1579 1961 111
1596 1927 1805 1962 incredibile.

139 1973 257 2018 Quem
272 1972 384 2016 enim,
409 1972 591 2020 psittacum
618 1977 741 2019 (quem
759 1972 892 2014 βίτΊακον
911 1971 1040 2007 Ctesias
1058 1974 1115 2007 hie
1132 1973 1297 2021 appellat)
1325 1984 1449 2020 prater
1466 1974 1559 2010 illum
1573 1976 1807 2011 Veronensem

139 2019 319 2055 Claudiani
333 2019 443 2055 senem
461 2046 472 2065 ‚
498 2030 555 2055 aut
571 2020 717 2068 aliquem
733 2020 781 2055 illi
798 2019 937 2055 similem
954 2045 966 2066 ,
994 2033 1166 2069 nunquam
1182 2021 1298 2056 vidisse
1321 2023 1514 2069 putabimus
1529 2024 1542 2057 Ρ
1568 2025 1595 2058 F
1598 2026 1677 2072 inge
1692 2036 1807 2060 tamen

137 2067 278 2116 reperiri
299 2068 410 2104 senem
432 2069 578 2116 aliquem
607 2069 662 2115 (&
679 2070 894 2116 reperiuntur
912 2069 1051 2104 forsitan
1068 2070 1197 2117 aliquot
1213 2082 1256 2105 ex
1273 2070 1335 2105 illis
1350 2072 1452 2105 etiam
1470 2073 1527 2118 qui
1544 2074 1579 2106 in
1595 2073 1733 2108 urbibus
1748 2075 1807 2109 de-

137 2116 249 2166 gunt)
275 2117 333 2164 qui
349 2128 522 2165 nunquam
538 2126 612 2152 eam
627 2117 801 2152 volucrem
819 2117 964 2163 viderit,
990 2129 1047 2153 aut
1065 2144 1077 2162 ,
1102 2119 1125 2153 11
1143 2119 1286 2163 viderit,
1312 2120 1508 2166 loquentem
1526 2133 1618 2155 certe
1634 2134 1807 2169 nunquam

138 2163 282 2200 audierit
298 2179 306 2200 :
334 2178 377 2201 an
392 2178 469 2201 eum
487 2166 545 2214 qui
561 2166 649 2201 hanc
664 2165 713 2200 illi
730 2167 783 2201 avi
801 2166 942 2201 inditam
961 2167 1024 2202 6116
1049 2178 1202 2202 naturam
1225 2168 1405 2203 affirmabit
1421 2193 1432 2212 ,
1460 2168 1563 2203 fidem
1587 2170 1676 2217 apud
1694 2170 1807 2216 hujus—

137 2214 232 2249 modi
249 2211 426 2249 hominem
443 2215 706 2262 impetraturum
723 2214 824 2250 reris?
849 2216 932 2250 Hoc
948 2226 1041 2251 certe
1060 2215 1082 2253 fi
1100 2216 1226 2261 credis,
1252 2217 1356 2265 longe
1373 2217 1503 2252 falleris.
1530 2218 1596 2253 ,His
1610 2220 1717 2267 igitur
1733 2215 1807 2255 tan-

137 2263 215 2298 dem
233 2263 326 2297 hunc
351 2263 539 2298 sermonem
559 2263 750 2298 claudamus
767 2263 887 2298 verbis.
939 2264 1242 2309 Quemadmodum
1270 2265 1293 2299 si
1311 2265 1472 2313 psittacus
1497 2279 1670 2314 nunquam
1688 2281 1730 2303 ex
1748 2270 1806 2304 In·-

139 2310 365 2348 diaradveffls
380 2309 422 2347 ad
439 2324 499 2347 nos
515 2312 626 2348 fuisset
641 2338 653 2356 ,
678 2324 775 2347 avem
793 2311 881 2360 apud
894 2313 995 2348 Indos
1010 2313 1073 2348 esse
1089 2314 1249 2348 humanas
1264 2327 1365 2349 voces
1380 2314 1552 2350 sonantem
1569 2328 1671 2350 nemo
1689 2317 1805 2352 crede-

138 2369 207 2395 ret:
232 2373 323 2396 nunc
338 2374 441 2406 vei-o,
467 2362 629 2409 quoniam
647 2361 793 2409 vulgaris
810 2360 858 2395 est
874 2361 929 2395 illa
944 2387 955 2406 ,
980 2363 1037 2397 vix
1054 2361 1224 2410 quisquam
1242 2363 1310 2398 hoc
1328 2364 1481 2399 miraculi
1499 2364 1577 2399 loco
1594 2365 1695 2401 habet
1713 2379 1720 2400 :
1748 2367 1804 2401 iti-

139 2408 217 2442 dem
234 2410 336 2444 etiam
352 2410 459 2446 multa
476 2410 518 2445 de
537 2410 607 2445 aliis
629 2410 754 2445 Indicis
772 2409 970 2445 animalibus
986 2410 1101 2445 referri
1118 2437 1129 2456 ,
1156 2411 1191 2446 &
1209 2411 1251 2446 de
1269 2412 1391 2460 plantis
1407 2423 1507 2460 atque
1523 2413 1716 2458 arboribus,
1741 2427 1805 2449 no—

139 2457 293 2492 niinatim
309 2459 410 2493 etiam
436 2459 478 2493 de
504 2458 701 2506 quibusdam
727 2456 894 2493 radicibus
911 2484 923 2502 ‚
951 2460 1033 2494 item
1050 2459 1092 2494 de
1117 2461 1209 2508 aquis
1224 2484 1235 2505 ,
1261 2461 1303 2495 de
1321 2462 1463 2495 metallis
1479 2486 1490 2505 ,
1515 2461 1556 2496 de
1573 2463 1642 2497 aliis
1657 2462 1805 2511 denique

140 2505 255 2540 multis
271 2505 318 2540 illi
334 2505 466 2554 regioni
483 2506 707 2555 peculiaribus
724 2506 821 2542 rebus
839 2510 1123 2554 commemorari,
1148 2522 1224 2556 quae
1242 2509 1430 2545 multorum
1448 2509 1551 2544 fidem
1569 2510 1743 2558 superant:
1770 2523 1805 2547 at

140 2554 164 2588 fi
183 2564 251 2589 tam
268 2553 372 2589 facilis
388 2554 519 2589 illarum
535 2568 668 2600 rerum,
693 2568 791 2603 quam
812 2555 970 2603 psittaci,
996 2556 1178 2605 asportatio
1194 2557 1296 2602 esset,
1317 2568 1385 2592 tani
1406 2558 1503 2592 facile
1519 2558 1616 2593 firma
1632 2560 1674 2594 ab
1691 2562 1805 2595 omni-

139 2601 201 2638 bus
219 2599 428 2650 persuasione
443 2605 694 2651 reciperentur,
720 2617 820 2653 quain
837 2617 875 2639 ea
889 2617 965 2652 quae
981 2605 1022 2640 de
1038 2605 1183 2654 psittaco
1198 2606 1321 2654 scripta
1337 2605 1430 2650 sunt,
1457 2607 1678 2655 recipiuntur.
1705 2609 1804 2658 Ergo

139 2652 229 2699 quod
248 2651 449 2687 Plutarchus
464 2651 590 2687 Ctesiae
607 2653 747 2689 Persicis
770 2653 890 2688 tribuit
906 2655 1043 2699 μυθῶδες
1067 2656 1175 2703 (apud
1202 2668 1280 2690 eum
1306 2664 1469 2702 corrupte
1494 2656 1619 2704 legitur
1635 2658 1801 2703 ἓνμῶδες)

137 2712 204 2749 ego
223 2700 256 2735 id
274 2701 309 2735 in
324 2712 424 2745 eum,
451 2713 493 2735 ne
508 2700 676 2736 inlndicis
694 2702 853 2750 quidem,
879 2702 1003 2737 nedum
1022 2703 1057 2737 in
1073 2703 1233 2749 Persicis,
1262 2703 1380 2738 cadere
1398 2703 1567 2739 existimo.
1594 2706 1642 2740 At
1655 2715 1727 2742 erat
1743 2717 1804 2753 φι-

137 2748 286 2784 λολάκων.
316 2749 436 2784 Fuerit
449 2761 531 2784 vero
550 2751 775 2793 Qiaxolwod&
788 2779 797 2792 ‚
823 2751 925 2786 fuerit
942 2751 1164 2794 eiaoobssoei&.
1197 2753 1279 2799 quid
1298 2762 1371 2787 tum
1391 2750 1403 2786 ?
1428 2753 1511 2787 Hoc
1528 2764 1620 2789 certe
1633 2765 1673 2790 ut
1689 2756 1802 2804 aliquo

137 2798 172 2833 in
188 2798 267 2833 loco
277 2797 622 2834 Lacedaemoniorum
638 2800 770 2835 auribus
785 2811 842 2835 aut
859 2798 1116 2835 Atheniensium
1135 2801 1449 2836 autThebanorum
1468 2804 1581 2849 potius
1598 2805 1803 2851 quamveri-

139 2847 201 2882 tati
216 2846 372 2891 serviret,
391 2846 500 2882 faeere
516 2848 660 2895 potuisse
676 2847 840 2883 dixerim:
867 2859 900 2883 at
915 2861 957 2883 ex
972 2860 1038 2882 una
1054 2848 1203 2883 historiae
1220 2850 1384 2897 particula
1399 2861 1508 2885 totam
1525 2852 1615 2886 illam
1632 2853 1800 2889 mendacii

139 2907 299 2944 arguere,
325 2896 394 2931 hoc
408 2908 475 2945 ego
491 2895 684 2944 iniquissimi
703 2896 822 2944 judicis
837 2897 900 2932 esse
917 2896 1112 2931 censuerim.
1147 2898 1214 2933 Sed
1233 2898 1454 2934 Plutarchum
1472 2925 1485 2944 ,
1510 2900 1622 2948 aliquo
1638 2903 1800 2949 praeiudi-

139 2944 194 2978 cio
211 2943 344 2979 fortasse
360 2954 639 2993 praeoccupatum
655 2970 668 2990 ,
691 2946 854 2994 quicquid
871 2945 1007 2980 libuerit
1023 2971 1034 2990 ,
1060 2946 1199 2994 impune
1215 2945 1358 2982 scribere
1373 2947 1537 2993 sinamus,
1564 2949 1599 2984 ὃς
1614 2950 1656 2985 de
1673 2945 1800 2987 Ctesiae

139 2991 279 3027 Persicis
295 3018 307 3037 ,
333 3005 435 3041 penes
459 2994 545 3042 ipsos
561 2993 694 3029 Persas:
722 2994 765 3029 de
790 2994 915 3029 Indicis
931 3020 943 3038 ,
970 3006 1071 3042 penes
1088 2995 1191 3030 Indos
1217 2995 1286 3030 esto
1303 2995 1396 3031 fides.
1447 2997 1518 3032 Hic
1544 3009 1636 3034 certe
1651 2999 1801 3043 libellus,

142 3039 245 3086 qualis
261 3042 365 3088 qualis
375 3041 442 3087 est,
452 3041 475 3077 si
493 3042 581 3077 aliud
599 3055 667 3090 quo
684 3043 1077 3087 commendaretur-‚non
1093 3044 1316 3089 haberet,vel
1331 3045 1399 3080 hoc
1415 3058 1521 3082 unum
1538 3047 1670 3084 abunde
1683 3048 1722 3083 ad
1731 3052 1801 3096 ejus

138 3089 472 3127 commendationem
486 3091 595 3128 valere
613 3091 739 3141 posset,
753 3091 844 3142 quod
860 3092 988 3141 aliquot
1006 3103 1085 3128 cum
1101 3092 1141 3129 ab
1158 3093 1330 3138 aliis‚tum
1340 3106 1422 3130 vero
1439 3093 1459 3131 a
1473 3095 1585 3133 Plinio'
1601 3098 1696 3133 citati
1710 3097 1745 3131 in
1759 3110 1801 3133 eo

1219 3141 1318 3179 Kkk
1330 3142 1354 3178 k
1382 3154 1401 3179 z,
1743 3157 1795 3181 re·
