2112 3621
254 227 342 271 970

579 204 1324 268 JAC.'GRONOV11

257 282 348 317 mina
363 281 497 316 naviuin
510 303 520 323 ,
531 277 616 313 sicut
632 290 693 312 nos
709 276 812 313 docet
828 278 922 313 locus
938 276 1030 311 Livii
1047 285 1105 318 29,
1161 283 1211 307 res
1233 272 1356 320 aliquas
1380 274 1694 324 constringendam]

1401 206 1448 250 N
1476 206 1520 248 O
1548 207 1592 250 T
1618 207 1676 251 AE

1724 272 1902 310 Debuiffet
1925 271 2017 321 figu-

258 342 314 376 25.
354 331 491 364 Lumina
514 329 547 361 in
564 328 696 362 navibus
704 329 826 372 fingula
842 327 982 372 rostratae
997 350 1009 369 ,
1035 324 1106 358 bima
1160 332 1231 355 ram
1257 321 1350 357 lineis
1376 324 1595 372 exprimere3
1622 323 1788 359 habuisset
1811 321 1919 358 leetor
1941 322 2014 356 He-

259 380 407 413 onerariae
422 377 567 410 haberent
583 401 594 420 ,
620 377 653 410 in
664 377 814 420 praetoria
832 387 912 409 nave
929 376 1040 420 infigne
1055 385 1108 407 no-

258 432 399 462 Hurnum
414 427 512 459 trium
530 427 679 460 luminum
690 422 772 469 fore.
807 423 890 458 Hoc
908 423 1023 458 lumen
1040 423 1110 468 Ap-

260 476 377 523 pianus
393 485 494 509 vocat
511 474 678 518 λαμπἹῆΕρι
695 471 752 507 lib.
767 484 782 506 2
799 471 841 507 de
856 472 946 507 bello
955 471 1111 518 Civ.quo

260 524 371 560 minus
395 523 521 558 mirum
539 522 587 557 est
604 521 645 556 ab
663 520 845 556 Herodoto
865 525 980 565 ψαῦσιν
996 518 1111 567 appel-

261 572 332 607 lari.
363 571 471 617 Quod
490 571 604 605 lumen
622 580 726 618 quum
743 580 917 618 gereretur
934 571 969 604 in
984 568 1110 617 puppi,

262 621 368 657 videri
400 620 508 668 posset
532 619 679 653 indicare
704 630 812 666 prope
841 630 971 666 puppes
995 626 1114 665 pente-

262 679 481 704 conteroruni
509 678 560 703 tei·
593 666 830 714 interpositum
855 667 919 702 ess'e
951 666 1092 714 spatium
1103 688 1115 707 ,

262 730 324 766 per
349 716 442 765 quod
466 717 572 764 vulgo
589 716 744 750 transitus
767 715 902 750 daretur
927 713 1115 749 minoribus

262 767 413 802 navibus.
452 765 619 800 Au&ores
635 764 764 812 antiqui
783 765 819 799 in
834 763 959 799 fabrica
976 762 1112 798 navium

263 815 451 864 agnoscunt
474 813 594 860 φάλκιν
620 813 710 848 circa
734 811 894 848 sentinam
910 828 923 854 5
950 823 1026 860 quae
1042 822 1112 846 vox

265 875 373 912 prope
388 861 525 911 quidem
542 862 610 897 huc
635 861 765 897 accedit
780 886 792 905 ,
818 860 872 896 sed
898 873 1005 908 prope
1021 859 1110 894 illam

266 922 397 961 partem
413 910 568 946 transitus
582 911 650 946 dari
667 910 757 958 posse
773 922 842 945 non
857 910 1002 944 videtur.
1030 908 1112 942 Pro-

264 971 382 1008 pterea
398 973 504 1007 quum
519 959 605 995 bene
621 959 795 1006 perpendo
813 983 824 999 ‚
849 970 900 993 res
916 957 983 1005 ipsa
1007 955 1112 991 dietat

264 1010 327 1046 hos
345 1017 494 1056 patentes
509 1006 666 1053 trajeetus
682 1006 730 1042 ibi
745 1006 900 1050 relietos,
925 1005 984 1040 ubi
1003 1005 1111 1039 maxi-

264 1069 321 1096 ma
344 1067 414 1092 erat
439 1068 534 1104 aquae
566 1054 670 1090 moles
697 1054 732 1090 ὅ(
761 1054 840 1089 inde
864 1052 1112 1103 urgentissimus

264 1107 338 1155 ejus
353 1103 483 1148 cursus,
507 1113 544 1139 ut
560 1104 691 1152 optime
707 1102 742 1138 ὃς
757 1103 931 1138 celerrime
946 1102 1020 1138 illac
1036 1101 1109 1151 pos-

264 1155 335 1191 sent
353 1154 506 1203 trajicere
521 1178 533 1197 ,
560 1153 594 1187 ὅ(
608 1152 667 1187 ubi
684 1153 830 1190 maxime
847 1151 993 1200 prospici
1008 1151 1109 1186 debe-

264 1213 316 1239 ret
333 1203 446 1238 futura
461 1202 573 1249 pontis
590 1211 740 1248 ruptura.
767 1201 863 1236 Hinc
879 1212 984 1248 quum
1003 1200 1110 1235 medi-

265 1253 297 1287 ei
321 1250 498 1287 acutiffiini
522 1251 557 1284 iri
573 1250 713 1284 vocibus
738 1249 871 1284 aliunde
893 1247 1045 1296 petendis
1070 1247 1110 1283 ad

264 1300 359 1336 suum
376 1298 645 1342 microcosmon,
669 1297 871 1333 servaverint
887 1309 1008 1333 vocem
1028 1298 1112 1341 φλύ-

266 1365 310 1386 σις
337 1350 371 1383 in
393 1347 525 1383 afflone
548 1347 698 1392 corporis
714 1372 726 1390 ,
751 1347 919 1394 imaginor
935 1345 1019 1380 inihi
1038 1346 1112 1381 Hc-

265 1397 425 1433 rodotum
449 1395 572 1430 dediss'e
599 1395 668 1432 &iv-13
692 1396 803 1439 φλόσιν
830 1406 936 1442 prope
957 1406 1035 1428 eum
1060 1394 1110 1428 lo-

265 1459 344 1482 cum
355 1471 366 1489 ,
377 1444 433 1479 ubi
451 1444 609 1478 acerrima
624 1452 692 1477 erat
707 1443 848 1490 agitatio
866 1443 1000 1477 fluentis
1015 1454 1110 1489 aquae

262 1504 406 1543 propter
421 1493 555 1539 copiam
571 1491 651 1525 hinc
662 1491 714 1525 vel
732 1490 809 1525 inde
823 1490 1060 1526 exundantem.

318 1553 397 1591 395,
409 1553 460 1575 10.
481 1540 677 1585 ΣτρεζλὲἶνἹες
691 1539 767 1582 ὄνυξι
784 1541 926 1585 ξυλίνοιζι
941 1540 982 1574 τοὶ
995 1537 1108 1584 ἔπλει]

266 1591 383 1627 Vertit
415 1588 618 1624 Laurentius
651 1588 865 1625 contenderunt
897 1596 1111 1631 armamenta,

264 1646 485 1685 contorquentes
515 1636 766 1672 machinamentis
793 1638 907 1684 ligneis.
962 1636 1011 1671 At
1035 1648 1111 1684 qua:

264 1689 468 1724 Latinorum
485 1685 755 1721 machinamenta
777 1685 1039 1733 contorquentia
1050 1685 1111 1720 iin-

266 1737 373 1785 telligi
388 1744 512 1784 queant
528 1746 587 1782 per
597 1734 762 1769 Graecum
777 1734 899 1780 ὄνυχες,
924 1733 1006 1768 dum
1023 1733 1110 1769 mul-

266 1796 341 1822 tum
358 1785 479 1833 cogito
494 1782 530 1817 δί
546 1783 681 1830 inquiro
698 1807 710 1827 ,
736 1783 820 1817 nihil
840 1783 988 1817 invenio.
1025 1782 1110 1817 Pro-

265 1835 338 1882 prie
354 1833 491 1882 quidem
506 1844 547 1866 eo
562 1840 700 1866 notatur
713 1831 853 1880 unguis,
869 1830 990 1866 deinde
1006 1839 1110 1866 trans-

264 1885 370 1920 latum
397 1882 437 1917 ad
470 1881 517 1916 rei
547 1879 679 1915 rusticae
711 1881 971 1916 instrumentum
998 1880 1112 1926 σιδηρδς

264 1934 340 1975 Zia-ag.
366 1930 433 1967 Sed
450 1929 483 1965 id
502 1941 571 1964 non
589 1938 747 1976 torquet,
771 1927 825 1963 sed
844 1931 1004 1976 ῢὲηκνίζει,
1029 1927 1108 1963 scal-

264 1982 316 2028 pit
333 2006 344 2025 ,
371 1990 409 2015 ut
425 1977 703 2025 Theophrastum
727 1978 967 2024 interpretatur
986 1977 1109 2011 Plinius

264 2029 459 2064 observante
468 2026 660 2074 Stephano,
685 2038 756 2061 non
771 2026 867 2061 aliter
881 2039 919 2061 ac
939 2024 962 2061 fi
980 2037 1108 2074 ungues

266 2077 302 2112 δί
318 2077 458 2125 ungulas
483 2074 740 2110 commiscerent
755 2100 767 2119 ,
794 2085 832 2110 ut
857 2084 953 2110 notat
976 2075 1110 2120 Juretus

264 2126 306 2161 ad
317 2126 492 2161 Paulinum
507 2124 549 2159 ab
566 2123 735 2158 nonnullis
748 2123 885 2159 faustum.
912 2124 959 2159 Et
975 2123 1016 2158 ad
1032 2135 1110 2158 ean-

262 2175 340 2209 dem
375 2174 539 2209 rationem
575 2171 894 2220 similitudinemque
925 2171 1108 2207 referendae

264 2223 338 2258 sunt
353 2222 490 2269 reliqua:
507 2220 749 2268 metaphorieae
767 2222 977 2265 notationes,
989 2231 1026 2257 ut
1045 2220 1108 2256 fint

265 2270 386 2319 absque
411 2271 445 2306 vi
470 2268 661 2314 torquendi.
709 2269 756 2304 Et
772 2276 893 2308 'tamen
919 2270 1021 2305 refert
1036 2270 1110 2305 Ste-

263 2321 427 2368 „phanus
443 2334 455 2361 3
484 2317 623 2363 [Ξῦλινοι
649 2316 750 2364 ὄνυχες
765 2318 854 2366 apud
870 2318 1110 2363 Herodotum,

266 2368 358 2415 „ubi
375 2367 584 2415 interpretari
601 2378 699 2414 queas
719 2370 812 2402 uncis.
855 2368 950 2403 Nam
967 2368 1032 2410 ὄνυξ
1047 2381 1110 2415 pro

263 2430 389 2463 „unco
406 2427 542 2465 quoque
558 2414 624 2450 five
639 2415 764 2450 uncino
780 2415 940 2460 sumitur,
966 2425 1005 2450 ut
1021 2416 1110 2464 apud

264 2491 290 2511 „
301 2467 548 2514 Hippocratem
572 2464 640 2506 ὄνυξ
655 2463 780 2499 dicitur
795 2477 902 2500 uncus
917 2490 929 2509 ,
955 2476 1024 2512 quo
1045 2464 1110 2499 foe-

265 2540 291 2559 „
300 2524 352 2549 tus
362 2524 515 2549 mortuus
530 2512 727 2547 extrahitur.
754 2512 877 2547 Itidem
892 2513 1034 2559 αἰγκύςρις
1047 2514 1111 2557 ὄνυξ

264 2588 290 2608 „
299 2563 424 2598 dicitur
440 2573 572 2597 ancora:
588 2562 729 2596 uncinus
737 2561 940 2607 Plutarcho]
971 2562 1042 2598 Vix
1059 2563 1109 2597 in-

266 2612 499 2661 dignationem
509 2619 662 2656 tempcro
675 2609 682 2644 l
693 2610 774 2657 quid
789 2611 879 2645 enim
893 2610 934 2645 ad
942 2611 1110 2647 curvaista

265 2660 346 2696 facit
367 2660 435 2694 hoc
451 2685 462 2704 ,
488 2671 557 2706 quo
573 2660 723 2705 torqueri
745 2658 848 2694 debet
866 2684 878 2704 ,
903 2671 973 2695 non
988 2658 1108 2708 scalpi,

265 2718 323 2743 aut
338 2708 445 2751 seabi,
471 2719 540 2742 non
558 2706 662 2741 foetus
676 2708 807 2742 extrahi
823 2733 834 2751 ,
860 2720 931 2742 non
947 2720 1038 2743 unco
1053 2721 1108 2743 ca-

265 2757 381 2805 ptari,
410 2769 479 2790 non
502 2755 638 2790 stabiliri
657 2780 668 2799 ,
692 2754 746 2790 sed
770 2765 902 2791 tantum
927 2757 1109 2804 ςςεέλέιθξζὲ

266 2806 303 2840 N
310 2804 369 2839 ihil
379 2803 532 2850 prosecto
547 2802 588 2838 ad
605 2804 695 2839 hunc
714 2804 898 2840 rhombum
907 2805 1109 2853 Stephanus,

266 2852 352 2888 nihil
362 2852 402 2887 ad
418 2851 614 2887 sententiam
627 2852 858 2888 Herodoteam
874 2853 933 2888 iste
949 2857 1025 2897 ὄνυξ.
1042 2854 1108 2890 At-

267 2912 380 2937 tamen
397 2912 496 2948 quam
513 2899 623 2946 lepide
638 2900 673 2935 ὃ(
689 2901 837 2936 molliter
857 2902 928 2950 agit
945 2901 1108 2938 AEmilius

266 2951 387 2985 Portus
401 2948 441 2982 ad
456 2947 700 2995 subrependum
715 2948 823 2984 dicam
833 2975 844 2994 ,
854 2961 896 2984 an
911 2950 1108 2986 ridendum?

267 2997 343 3047 Ipso
358 2997 473 3046 judice
491 2997 546 3030 hic
562 2994 627 3038 δ’νυξ
646 2996 843 3043 [interdum
860 2999 1026 3045 accipitur
1044 3011 1106 3047 pro

266 3046 467 3082 mechanico
495 3044 717 3080 instrumento
742 3045 808 3080 five
839 3045 948 3080 ferreo
974 3046 1041 3081 five
1067 3048 1106 3082 li-

266 3107 375 3142 gneo,
400 3093 490 3142 quod
509 3093 550 3127 ad
568 3093 793 3128 humanorum
810 3095 976 3142 unguium
992 3094 1105 3130 simili·

265 3142 415 3179 tudinem
433 3141 558 3178 finitum
573 3140 621 3177 est
635 3142 815 3178 incurvum
834 3142 1050 3179 mediocritei·
1066 3144 1106 3179 ad

1162 367 1276 403 rodoti
1295 370 1420 418 aliquid
1440 371 1684 420 portentosum.
1739 370 1941 421 Ungucsne,
1967 368 2015 403 mi

1166 418 1266 469 l'orte
1282 443 1294 461 ,
1319 419 1499 455 adhibuisti
1522 421 1563 456 ad
1589 418 1923 469 constringendum?
1949 415 2016 452 Sed

1165 466 1238 500 latis
1253 477 1431 514 nugarum.
1471 469 1566 514 Quas
1587 469 1745 505 hactenus
1760 468 1926 517 diffipavit
1941 465 2015 501 Th.

1167 514 1275 553 Gale,
1300 525 1338 550 ut
1354 515 1520 563 proferret
1536 529 1579 551 ex
1597 517 1716 553 codice
1731 518 1893 565 Archiep.
1907 516 2016 560 ἔνοιζι,

1167 562 1272 617 idque,
1287 564 1455 612 judicaret
1478 564 1611 600 refflus.
1668 565 1810 601 Utinam
1835 565 1871 600 ὃ(
1894 563 2017 610 hux&

1168 620 1290 646 veteris
1309 616 1341 647 ὅ(
1358 614 1405 648 ἔνι
1421 615 1501 648 novi
1517 613 1690 650 addidisset
1705 613 1893 649 rationem?
1918 612 2017 648 Citat

1170 659 1260 694 hunc
1277 661 1383 708 ipsum
1400 661 1515 697 locum
1534 663 1709 699 Salmasius
1725 664 1758 698 in
1775 662 1933 697 Plinianis
1949 661 2017 696 Ex.

1170 720 1203 755 p.
1222 714 1307 755 765,
1324 710 1382 745 ubi
1399 711 1569 746 λώκόλινον
1587 711 1729 747 illustrat
1752 712 1877 746 doeens
1899 710 1963 746 esse
1977 708 2016 743 li-

1171 767 1251 791 num
1270 769 1495 804 maceratum,
1521 761 1599 808 quia
1614 761 1747 796 lavacro
1769 758 1923 804 nitescit,
1945 769 2018 794 non

1172 805 1263 859 quod
1287 807 1394 842 linum
1416 808 1530 844 album
1553 808 1645 857 quafi
1667 809 1791 858 speeies
1809 809 1868 844 lini
1886 808 1926 843 fit
1940 833 1952 853 ,
1977 816 2018 842 ut

1173 854 1280 900 posset
1296 856 1387 890 credi
1401 857 1622 905 interpretem
1638 858 1834 907 cogitavisse
1849 874 1861 900 5
1887 857 1942 892 sed
1958 855 2020 892 be-

1172 913 1213 935 ne
1242 904 1441 950 tranquillus
1466 907 1588 942 retinet
1613 919 1748 955 quoque
1774 907 1846 949 ὄνυξι
1875 909 2018 950 ξυλίνοις,

1171 952 1234 984 nec
1250 953 1431 999 quidquam
1450 955 1582 1002 tangit,
1608 967 1713 1002 quum
1731 968 1807 1005 pag.
1825 960 1866 1002 65
1873 968 1894 999 9
1910 953 2018 991 verset

1170 997 1244 1053 sane
1260 1000 1314 1034 ἕνον
1324 1025 1335 1043 ,
1361 1001 1415 1036 sed.
1430 1011 1580 1038 remotus
1596 1003 1637 1038 ab
1650 1005 1841 1039 Herodoto.
1866 1004 2017 1039 Utamur

1170 1048 1277 1095 igitur
1291 1061 1361 1084 non
1376 1051 1554 1086 neceffaria
1568 1052 1678 1087 minus
1694 1065 1794 1100 quam
1807 1051 1970 1088 veriffima
1981 1051 2020 1087 ἃ·

1170 1097 1411 1145 elegantissima
1436 1100 1646 1136 correehone
1670 1127 1682 1146 ,
1715 1100 1889 1136 scribendo
1914 1100 2017 1144 ὄνοισι,

1170 1147 1331 1192 quoniam
1347 1147 1432 1182 istud
1455 1158 1525 1184 tam
1542 1150 1741 1198 praeelarum
1765 1149 1867 1186 habet
1882 1162 2018 1198 quoque

1170 1194 1321 1241 optimus
1341 1195 1529 1233 Mediceus.
1579 1199 1722 1248 Quippe
1738 1199 1849 1248 primo
1875 1198 2018 1234 dubium

1170 1253 1239 1277 non
1254 1243 1302 1296 est
1316 1270 1327 1288 ,
1354 1245 1436 1293 quin
1460 1246 1501 1282 ad
1528 1247 1620 1283 hunc
1645 1249 1759 1283 locum
1787 1247 1959 1283 referenda
1977 1245 2020 1282 fin

1169 1290 1275 1339 glossa
1297 1306 1340 1328 ex
1366 1294 1501 1330 Lexico
1526 1297 1730 1333 Herodoteo
1757 1295 1914 1333 Goldasti
1939 1308 2018 1345 pag.

1168 1345 1250 1384 746.
1279 1341 1375 1384 dv&
1389 1344 1420 1378 τὸ
1438 1344 1503 1380 vm&
1519 1346 1561 1380 w}
1584 1351 1609 1381 Ψ
1635 1346 1751 1381 ὑδάτων
1776 1349 1897 1392 οἱγγεῗω
1923 1348 2019 1382 nonis-

1171 1403 1225 1442 πει
1244 1394 1267 1438 ²}
1288 1392 1511 1444 ςυςςεφόμὶζυον.
1537 1394 1645 1439 Qiod
1662 1395 1748 1430 male
1764 1394 1941 1429 confusum
1957 1397 2018 1431 iste

1169 1436 1313 1484 quisquis
1331 1441 1394 1474 'ruit
1417 1440 1589 1490 descripsit
1612 1456 1653 1479 ex
1672 1442 1847 1492 Hesycliio
1873 1441 1968 1487 0⁸2¹&
1983 1445 2018 1481 ,τὰ

1172 1486 1236 1520 wsb?
1253 1488 1294 1520 τοὶ
1310 1491 1334 1521 “r‘'
1350 1488 1467 1523 ὑδάτων
1490 1494 1609 1536 ἀγγεῖα
1630 1495 1771 1528 πολύπὸν
1797 1493 1868 1538 ζῶον
1886 1517 1898 1536 ,
1924 1497 1948 1543 ᾖ
1965 1510 2017 1528 συ-

1171 1533 1358 1587 ςρξφόμῦζυον.
1408 1535 1603 1573 Necessaria
1628 1541 1718 1575 enim
1743 1540 1812 1574 illie
1837 1540 1885 1575 est
1899 1541 2018 1578 distin-

1169 1579 1238 1616 &10
1253 1607 1265 1626 ,
1292 1582 1327 1617 &
1346 1583 1423 1618 duze
1448 1584 1522 1621 sunt
1547 1587 1841 1636 interpretationes
1857 1613 1869 1631 ,
1894 1601 2017 1639 nempe

1171 1629 1206 1663 ὃς
1223 1629 1361 1667 bestiola
1379 1633 1452 1668 talis
1468 1634 1675 1684 multipeda,
1691 1635 1727 1671 δί
1742 1636 2017 1684 instrumentum,

1170 1679 1262 1726 quod
1278 1681 1470 1729 torquendo
1485 1683 1522 1718 &2
1537 1686 1687 1721 circuma
1713 1684 1802 1720 endo
1824 1684 1879 1720 seu
1895 1686 1967 1723 vasa
1981 1689 2017 1724 in

1170 1739 1288 1782 ¹aquam
1305 1729 1456 1766 demittit
1471 1744 1510 1767 ac
1532 1735 1665 1771 reducit
1687 1697 1809 1770 §ursum
1819 1759 1832 1779 ,
1856 1733 1912 1771 seu
1925 1736 1967 1773 ad
1982 1750 2018 1772 a-

1170 1776 1213 1810 lia
1228 1778 1423 1815 adducenda
1439 1789 1629 1830 torquetur.
1661 1784 1766 1819 Plane
1782 1783 1907 1832 species
1923 1798 2016 1834 quae-

1169 1825 1246 1861 dam
1269 1828 1405 1870 ἄξοντςῷ-
1420 1851 1430 1867 ‚
1456 1840 1494 1865 ut
1510 1833 1653 1880 exponit
1669 1832 1818 1868 Galenus
1833 1833 1922 1880 apud
1939 1836 2017 1871 Ste-

1170 1875 1319 1921 phanum
1337 1901 1349 1920 ,
1375 1877 1433 1912 ubi
1459 1877 1496 1913 &
1521 1880 1872 1918 convenientiffimum
1898 1895 2017 1919 exem-

1169 1926 1263 1971 plum
1279 1925 1379 1960 habes
1394 1938 1436 1961 ex
1456 1927 1648 1965 Aristotele.
1696 1930 1833 1966 Locum
1850 1930 1963 1968 Suidae
1979 1933 2017 1969 in

1168 1973 1255 2012 Μόλη
1270 1976 1401 2010 notavit
1410 1975 1662 2028 Lindebrogius
1676 1978 1717 2014 ad
1726 1980 1945 2017 Ammianum
1958 1993 2013 2025 17,

1168 2037 1203 2069 4,
1220 2021 1274 2057 sed
1290 2024 1432 2073 amplius
1448 2025 1490 2061 ab
1506 2027 1609 2062 Suida
1623 2027 1664 2063 de
1679 2040 1720 2063 eo
1736 2029 1849 2077 agitur
1861 2031 1896 2065 in
1913 2045 1944 2067 v.
1960 2034 2013 2068 ,α’-

1168 2073 1257 2126 ⁹⁶9⁰?-
1308 2072 1355 2106 Et
1370 2084 1533 2120 quantum
1554 2088 1597 2111 ex
1613 2077 1710 2111 variis
1725 2077 1867 2125 ingeniis
1885 2080 2011 2126 produ-

1169 2131 1219 2155 xit
1235 2120 1290 2154 ille
1311 2121 1424 2166 μόλῦυ
1444 2125 1531 2161 Ananis
1547 2126 1584 2160 in
1605 2123 1700 2159 sacris
1721 2123 1852 2174 scriptis
1869 2137 1937 2163 tam
1958 2129 2011 2165 in-

1166 2169 1309 2205 feliciter
1322 2170 1464 2206 citatus?

1172 2272 1178 2281 ¹
1220 2229 1300 2265 395,
1320 2230 1377 2264 Ις.1
1399 2221 1477 2255 Ε’πεῖ
1495 2220 1514 2266 ἃ
1529 2218 1738 2268 ἐγεφυρώθη]
1771 2223 1851 2260 MS.
1870 2227 2010 2276 inachi&

1168 2278 1257 2313 eyecp.

1221 2327 1299 2363 395,
1314 2327 1365 2357 17.
1392 2315 1498 2362 Κόσμῳ
1514 2319 1688 2367 ὲπετίθεζακ
1703 2320 1903 2371 κατύπερθε]
1929 2326 2012 2363 1115.

1168 2365 1268 2412 κόσμῳ
1287 2368 1418 2400 ἐτίθεσων
1438 2369 1462 2415 ᾖ]
1478 2365 1594 2414 ὕπερθε.

1220 2425 1363 2462 39)·,2-7.
1394 2413 1451 2450 s'va«
1472 2415 1516 2461 μή
1539 2417 1760 2465 spamam-an]
1794 2419 1875 2456 MS.
1898 2425 1946 2460 ἵνα
1965 2424 2011 2473 μῆ

1169 2465 1342 2509 πίμπληἹωι.

1203 2523 1372 2567 39ης..
1390 2515 1578 2567 ε’πὶῦνεφέων
1595 2514 1727 2564 {dvi-mv]
1754 2518 1795 2553 Iri
1813 2521 1934 2568 quibus
1949 2535 2009 2559 nc-

1167 2559 1234 2595 scio
1258 2562 1339 2610 quid
1363 2561 1564 2610 intelligant.
1615 2564 1694 2600 Scio
1719 2576 1832 2603 autem
1848 2571 2007 2607 Herodo-

1167 2619 1261 2644 teum
1286 2610 1322 2645 ἃ
1345 2610 1543 2658 pei-dotium
1568 2613 1635 2661 legi
1661 2614 1694 2649 in
1719 2616 1799 2652 MS.
1824 2620 2007 2662 ἔῖἆηνεφέλων

1168 2658 1265 2694 ἑόνΊων.
1292 2657 1447 2695 videnda
1471 2660 1576 2696 modo
1597 2663 1631 2697 in
1653 2661 1769 2700 lexicis
1783 2678 1853 2702 vox
1868 2669 2007 2713 ῧῑῖηνέφε-

1165 2715 1244 2750 A&-

1216 2766 1295 2803 395,
1315 2767 1367 2805 37.
1385 2764 1432 2811 ,οἱ
1453 2757 1472 2803 ³3
1493 2758 1652 2806 ἔρρωσαι]
1691 2762 1770 2799 MS.
1789 2765 1918 2812 ἕφςςεζον
1934 2792 1943 2807 ,
1970 2765 2005 2801 id

1165 2805 1256 2860 quod
1280 2817 1413 2853 proprie
1436 2817 1615 2855 magorum
1641 2811 1730 2846 inter
1755 2814 1931 2849 retationes
1963 2814 2005 2850 si·

1164 2854 1318 2902 gnificat.
1351 2853 1435 2902 Cap.
1453 2865 1531 2896 219.
1564 2863 1678 2905 Πρῶτον
1694 2824 1753 2905 μιῖξ
1762 2863 1776 2895 ὁ
1787 2860 1888 2906 pairh:
1905 2863 2004 2898 ἑσιδαδν

1165 2908 1190 2939 ἐς
1205 2903 1247 2939 τοὶ
1263 2903 1319 2949 1ξ9ἒ
1333 2904 1445 2950 ἔφραζε
1462 2904 1482 2937 ‘3¹
1496 2909 1640 2950 μὲὶλοντοι
1656 2907 1788 2945 &aivam

1217 2956 1360 3006 ³..962’U2
1385 2951 1557 3002 Amicam]
1585 2956 1665 2992 MS.
1679 2957 1834 3002 cepa-{caat
1864 2957 2003 2996 Incitati

1164 3011 1247 3048 regii
1262 3010 1362 3034 animi
1379 2999 1414 3034 &
1425 3001 1495 3048 jam
1512 3005 1617 3050 parati
1633 3004 1673 3039 ad
1689 3002 1954 3051 respondendum
1965 3008 2002 3045 δε

1164 3047 1371 3095 puniendum
1386 3048 1549 3087 indicium
1568 3052 1685 3088 clarius
1700 3051 1748 3087 est
1765 3053 1832 3089 hoc
1851 3056 2001 3103 praesens.

1215 3100 1294 3143 396,
1311 3108 1364 3131 20.
1390 3100 1558 3136 T‘mvoevli'ae
1579 3101 1762 3148 §dranci-J
1794 3103 1840 3139 Et
1858 3105 1915 3140 hic
1928 3117 2001 3141 rur-

1163 3144 1232 3180 sum
1250 3144 1330 3180 MS.
1345 3144 1503 3194 adjiciens
1519 3148 1643 3197 repetit
1656 3149 1773 3191 ἀκέσιος.

1853 3204 1998 3247 395733⁴
