2112 3621
260 187 343 233 972

266 241 409 281 §trinam
425 240 550 275 Palatia
565 241 775 276 habuissent?
800 241 934 289 Utique
950 250 1044 288 patet
1060 252 1117 274 au·

267 290 385 325 divisse
401 289 507 324 fimile
523 289 653 324 theatra
669 290 948 334 Atheniensium,
973 290 1030 337 qui
1047 288 1119 323 satis

268 338 360 374 beati
375 338 513 373 fuerunt
527 363 539 381 ,
562 338 722 386 quamdiu
738 339 836 374 licuit
852 340 898 374 eis
914 339 990 373 haec
1007 337 1116 372 obser-

268 399 346 423 vare
355 403 367 428 3
384 386 443 421 ubi
460 386 502 421 ab
519 386 655 422 fortuna
669 387 705 422 &2
721 387 839 423 lasciva
854 387 1014 435 cupidine
1039 385 1118 435 pasti

266 435 344 470 sunt
358 434 389 470 se
405 435 534 484 impelli
550 436 659 471 versus
669 436 816 472 Siciliam
827 463 838 481 ,
855 449 926 471 non
941 435 1028 471 bene
1042 447 1117 483 per-

270 483 380 533 penfis
398 483 450 519 his
467 486 625 530 monitis,
642 487 755 520 onmia
770 487 905 522 iverunt
922 484 1062 533 pess'um.

318 544 398 579 399,
413 543 471 579 45.
506 534 554 572 Mo}
569 534 600 568 τό
618 536 744 577 &Comme
769 534 952 581 λ’ττυδὲξης-ΞΙ
988 532 1117 569 Nescio

271 582 353 629 quid
370 582 600 618 intellexerint
614 608 626 627 ,
650 595 759 630 neque
781 583 871 618 unde
888 583 921 618 id
938 583 1116 631 petierint,

266 631 360 679 quod
376 640 508 679 ponunt
526 644 589 678 pro
605 631 778 676 versione,
793 641 828 667 ut
843 632 1060 678 quodfirmum
1076 630 1116 675 est

265 680 449 725 infirmetur.
485 680 567 715 Nec
581 681 672 715 enim
689 679 888 716 sententiam
904 681 1026 724 habet,
1052 691 1115 713 nec

265 729 337 764 huc
351 730 517 775 pertinet,
534 727 558 763 si
576 729 720 777 intelligi
737 730 857 778 potest.
890 730 986 764 Nam
1004 728 1115 763 innuit

266 789 346 812 eum
365 778 423 824 qui
445 778 480 812 in
496 777 716 813 consultando
734 780 801 814 vias
823 789 941 813 omnes
957 776 1115 812 confilio-

262 838 343 861 rum
360 826 468 861 forsan
491 826 532 862 ab
557 827 627 862 aliis
650 827 794 875 prolatas
811 837 952 862 conatus
974 826 1118 874 probare

266 875 371 909 invias
387 899 398 919 ,
424 888 494 910 non
509 888 552 911 ex
568 876 598 910 se
616 875 813 924 produxerit
831 875 976 923 denique
993 873 1118 921 aliquid

263 921 399 959 certum
416 949 427 967 ,
462 934 520 959 aut
553 924 752 960 indicaverit
784 925 864 972 quid
892 924 1030 958 firmum
1057 922 1121 957 effe

267 981 370 1020 queat
381 1000 388 1012 ‚
415 973 511 1008 illum
536 986 643 1007 errare
663 973 814 1008 similiter
831 973 899 1007 &c.
951 972 1035 1007 Inde
1062 984 1120 1019 pa-

267 1029 319 1056 tet
345 1021 431 1056 nihil
456 1020 567 1056 afferri
594 1020 634 1055 ab
660 1021 802 1056 articulo
820 1023 851 1056 τὲ
866 1046 878 1064 ,
903 1020 939 1055 ὅτ,
958 1020 1120 1068 praeclare

267 1068 367 1104 scribi
383 1070 419 1103 in
436 1070 515 1104 MS.
533 1070 667 1118 optimo
682 1070 757 1115 μήτε
774 1072 897 1111 &Cam
916 1073 1008 1105 md&

321 1116 465 1164 399,48.
494 1120 547 1155 Kal
562 1121 644 1164 ὁρέων
663 1118 747 1165 δύο]
768 1118 1017 1168 Μ8.ῃυᾶἰοι·ιὲ
1037 1120 1119 1165 ἐρέων

266 1182 310 1201 τοι
329 1166 380 1201 δύο
397 1193 408 1211 ,
435 1166 496 1202 etfi
512 1168 684 1216 ambigam
709 1181 751 1203 an
776 1180 846 1202 non
869 1168 1010 1216 legerim
1026 1168 1062 1202 in
1078 1179 1119 1201 eo

269 1218 337 1262 ἑξῶν
356 1232 400 1250 τοι
419 1217 483 1251 ‹560-

317 1276 402 1310 400,
417 1269 449 1300 6.
482 1263 613 1311 Γνώμῃζι
638 1267 768 1312 ἑχςὲωνἹο
789 1270 856 1312 τῇσι
883 1269 906 1312 ιζ
931 1265 1000 1311 σὰ]
1039 1265 1121 1300 MS.

592 175 766 230 JAC.
838 173 1339 217 GRONOVII
1410 172 1682 216 NOTAE

1171 239 1235 283 bis,
1260 238 1352 287 quod
1369 239 1468 275 iterat
1484 240 1674 288 Stephanus
1689 265 1700 284 ,
1726 238 1762 274 &
1779 251 1821 274 ne
1839 251 1930 274 nunc
1945 240 2020 286 qui-

1172 287 1250 322 dem
1267 289 1360 322 volui
1379 288 1549 323 omittere.
1584 288 1650 324 Sed
1665 301 1715 323 res
1733 289 1817 323 mira
1833 288 1890 323 est.
1925 287 2018 324 Nam

1172 335 1302 383 prorsus
1317 348 1410 372 mens
1428 336 1537 373 Valla:
1555 348 1730 372 commota
1753 337 1801 372 cst
1816 338 1857 373 ab
1874 336 2020 372 lectione

1172 396 1248 431 quae
1266 385 1374 418 exstat
1397 386 1432 420 in
1458 385 1648 421 fidelissimo
1671 387 1751 421 MS.
1768 386 1825 422 ubi
1842 398 1909 421 vox
1927 387 2022 434 prior

1171 445 1382 480 nequaquam
1406 444 1555 481 apparet.
1591 435 1686 469 Hinc
1702 434 1810 469 statuo
1831 434 1952 470 frustra
1969 446 2021 469 re—

1173 482 1241 528 peti
1256 506 1266 525 ‚
1293 493 1398 529 quum
1417 481 1522 517 sensus
1541 482 1581 517 fit
1597 495 1646 529 ego
1663 483 1718 518 hos
1732 485 1867 529 vestmim
1881 486 2022 518 contraxi

1171 542 1299 576 rogans,
1316 535 1340 564 ’ἒ
1360 532 1396 572 AL'
1415 533 1476 575 ἐγώ
1492 534 1582 576 ὑμέων
1599 531 1714 578 χρῆζων
1731 536 1885 574 συνέλεξα.

1218 591 1301 625 401,
1316 590 1365 613 xz.
1394 580 1521 624 Α’γαθόν
1539 579 1729 627 adicem]
1748 581 1808 615 Ne
1824 578 1923 616 nimis
1938 593 2022 617 con-

1171 626 1309 662 sultator
1334 628 1503 675 popularis
1528 627 1684 663 videatur
1699 629 1832 664 Xerxes
1857 628 2022 666 &suasor

1172 689 1232 723 per
1248 677 1363 711 locum
1381 676 1422 711 ab
1439 677 1615 712 communi
1631 677 1724 713 bono
1741 678 1900 724 petitum.
1923 679 2023 715 Lon-

1170 728 1214 773 ‘ge
1231 726 1336 773 magis
1360 724 1522 760 decorum
1549 726 1597 760 illi
1623 725 1671 760 est
1688 753 1700 770 ‚
1725 728 1816 775 quod
1843 727 1968 775 legitur
1985 729 2022 763 in

1171 775 1305 821 optimo
1322 774 1398 808 MS.
1414 775 1593 818 σπώὸἑτω,
1609 784 1648 810 ut
1664 775 1820 820 videtur,
1839 776 2022 811 Herodoto

1173 823 1206 856 id
1226 835 1317 856 nunc
1334 821 1535 870 agnoscente
1552 824 1687 871 quidem
1706 825 1853 860 afilivum
1864 849 1875 868 ‚
1890 824 1945 859 sed
1961 838 2023 860 cu-

1174 872 1224 915 jus
1239 870 1328 905 casus
1354 881 1489 918 quartus
1515 875 1591 917 ὑμᾶς
1618 874 1749 908 nonnifi
1773 873 2023 910 subintelleetus

1172 917 1332 953 adhaerct.
1376 919 1540 967 Alioquin
1556 922 1663 968 poss'et
1680 923 1770 957 credi
1788 922 1948 971 scripsisse
1964 936 2023 958 au-

1171 966 1247 1001 θεοὶ*
1263 967 1413 1002 σπόῧὸέῖε.
1439 968 1544 1003 Certe
1562 972 1641 1011 ξυνὸν
1659 977 1733 1005 πᾶσι
1749 973 1864 1016 dyoeodv
1881 973 2022 1007 malam

1174 1025 1271 1051 notat
1281 1018 1402 1051 Portus
1420 1016 1455 1050 in
1472 1017 1617 1052 Lexico.
1644 1019 1692 1054 Et
1711 1020 1822 1055 statim
1839 1024 1930 1055 τῶνδε
1947 1021 1965 1066 ᾗ·
1983 1019 2024 1055 εἷ-

1172 1079 1253 1099 νίκα.

1219 1125 1304 1159 401,
1325 1125 1376 1154 19.
1408 1114 1700 1163 nagendadg'oflo]
1737 1117 1814 1153 MS.
1831 1119 2024 1165 παρεσπάσὶ-

1174 1164 1239 1208 ζετο
1250 1188 1260 1205 ,
1285 1173 1323 1197 ut
1339 1162 1379 1197 ad
1388 1163 1530 1199 Xerxen
1545 1165 1726 1210 referatur,
1750 1166 1787 1201 in
1801 1168 1898 1216 cujus
1911 1169 2025 1204 nomi-

1174 1222 1216 1244 ne
1232 1211 1472 1260 intelliguntur
1486 1215 1611 1249 omnia.

1221 1271 1304 1313 4013
1327 1273 1379 1306 31.
1415 1265 1569 1309 Α’τςεκέως
1596 1263 1806 1311 Άζθιχρῆνσιι]
1843 1265 1925 1301 Hoc
1949 1278 2025 1302 vcr-

269 1313 405 1359 va'pnca
424 1314 556 1358 ἐχρέωνῖο
573 1315 685 1359 &palmi
712 1318 735 1364 ,ὲ
754 1315 797 1349 cd.
846 1315 893 1349 Et
909 1326 991 1349 mox
1012 1314 1068 1349 εἶς-κ
1085 1313 1120 1348 02¹„
1145 1303 1150 1351 l
1175 1306 1257 1342 bum
1273 1309 1337 1344 fuit
1354 1309 1449 1345 labor
1460 1311 1593 1346 AEmilii
1607 1313 1719 1356 Porti,
1745 1314 1868 1361 partim
1886 1324 1926 1350 ut
1941 1327 2024 1350 con-

268 1377 358 1404 κοτε,
385 1374 455 1396 non
471 1362 556 1396 πότε.
593 1362 742 1410 Egregie
759 1388 772 1407 ‚
805 1362 840 1396 &
861 1364 932 1411 jam
958 1361 1122 1398 Ionismus

270 1408 328 1446 hic
345 1419 479 1445 notatus
496 1410 554 1444 est.

320 1470 403 1504 400,
416 1471 468 1493 10.
496 1461 583 1498 Σφὲοι
599 1457 840 1505 wnydyoflo]
868 1459 998 1506 Saepius
1012 1458 1047 1492 id
1062 1470 1120 1492 ex-

273 1506 335 1541 stat
351 1507 386 1540 in
404 1506 585 1541 Herodoto
600 1531 611 1548 ‚
630 1516 668 1541 ut
685 1516 845 1542 notarunt
862 1508 964 1542 etiam
981 1507 1043 1542 viri
1059 1506 1122 1540 do-

269 1554 326 1589 eti.
353 1554 420 1589 Sed
430 1554 464 1588 in
482 1554 550 1589 hoc
565 1555 643 1590 loco
655 1555 733 1590 MS.
745 1555 847 1591 habet
865 1561 1122 1598 eoem-,mutans

271 1612 409 1650 repente
426 1603 651 1640 intentionem
669 1603 711 1639 ab
737 1604 834 1639 rebus
850 1604 885 1639 ἃ
903 1605 1064 1651 πρήγμαζι
1080 1604 1122 1639 ad

269 1651 355 1699 ipsos
371 1651 490 1688 Persas.
540 1654 682 1701 Reliqui
700 1663 813 1688 tamen
831 1652 889 1689 suo
906 1653 985 1689 loco
1001 1654 1121 1702 vulga-

270 1711 345 1736 tum
363 1725 374 1743 ,
401 1700 425 1735 fi
441 1702 513 1748 quis
531 1714 572 1736 eo
598 1703 705 1751 magis
720 1701 945 1738 oblectaretur
964 1716 971 1738 :
998 1703 1066 1752 ipse
1083 1715 1118 1738 e-

271 1750 342 1784 nim
357 1750 488 1797 prorsus
504 1749 539 1785 id
555 1750 696 1786 fastidio.

317 1809 400 1844 400,
420 1810 475 1844 37.
502 1799 646 1846 Α’μεῖξεῇ
665 1800 744 1842 πῶς
762 1800 901 1848 ταῦτα]
936 1801 1015 1836 MS.
1032 1799 1119 1846 εἰμι-ἷ-

270 1849 335 1891 βεζ)
353 1853 377 1896 »ὲ
395 1853 510 1883 ταῦτα.
553 1849 644 1883 Mire
663 1849 804 1896 pulchra
819 1850 1059 1884 immutatione
1077 1849 1118 1884 ad

271 1896 469 1943 patientiam
487 1909 577 1932 nunc
596 1898 682 1946 regis
698 1910 768 1946 prae
784 1897 910 1934 ferocia
926 1898 1002 1933 alias
1017 1897 1118 1933 insani

270 1944 516 1981 declarandam.

320 2005 469 2040 400,45.
496 1998 615 2040 Α”χαω
631 1996 699 2029 ἐδέν
715 1995 908 2042 ποιήσαώῖες]
944 1997 1029 2038 Quis
1046 2007 1118 2030 cre-

271 2041 328 2076 dat
345 2041 358 2075 ?
384 2055 426 2077 an
443 2043 517 2078 fieri
534 2043 646 2092 potest
661 2068 672 2086 ,
699 2053 737 2078 ut
754 2045 852 2079 nimis
869 2046 1002 2094 integer
1015 2045 1117 2080 etiam

270 2089 379 2124 sermo
396 2091 595 2127 consuatur?
622 2100 714 2127 certe
732 2092 788 2128 hic
803 2093 876 2128 talis
892 2094 959 2139 est,
978 2094 1033 2129 cui
1048 2105 1117 2128 ma-

271 2137 302 2173 la
317 2151 432 2174 manus
446 2140 569 2188 adjecit
586 2141 728 2188 longum
746 2141 834 2177 istud
849 2143 884 2177 in
902 2143 1035 2190 postico
1044 2155 1117 2189 par-

213 2198 225 2211 ·
270 2188 428 2235 ticipium
445 2213 457 2232 ,
482 2201 588 2236 quum
613 2189 814 2225 exhibeatur
838 2201 972 2227 tantum
998 2193 1034 2226 in
1055 2191 1118 2225 isto

269 2237 462 2272 venerando
480 2237 642 2272 Mediceo
668 2239 749 2273 MS.
768 2240 876 2284 dxx&
896 2243 914 2285 ᾗς
940 2243 1008 2276 έὸὲν
1023 2265 1034 2283 ,
1060 2252 1118 2274 ne-

273 2297 338 2332 que
347 2285 454 2320 ullum
471 2287 651 2334 vestigium
669 2286 716 2320 cst
732 2287 818 2322 illius
834 2290 928 2323 vocis
948 2289 1120 2333 nom‘nwlec,

273 2334 308 2368 in
326 2346 390 2381 qua
406 2335 452 2370 ita
470 2335 610 2370 sollicite
636 2334 788 2370 sewanda
805 2335 991 2373 succedunt
1008 2337 1067 2372 fibi
1085 2350 1120 2372 e-

272 2381 440 2428 ditiones,
464 2383 537 2418 sane
554 2383 599 2418 ob
617 2396 689 2418 eam
708 2384 836 2419 causam
855 2398 924 2420 non
947 2385 1121 2433 probatio—

273 2443 344 2472 τες)
374 2442 476 2479 prout
501 2443 593 2467 certe
619 2432 703 2467 mihi
719 2433 853 2468 videtur
875 2433 1121 2479 dulciffimum,

273 2478 297 2514 fi
315 2480 370 2515 illa
385 2481 554 2515 auferatur
569 2507 581 2525 ,
615 2493 720 2528 quum
738 2481 773 2516 Sc
793 2481 899 2518 fimile
914 2492 1071 2518 occurrat
1087 2485 1122 2518 in

272 2530 384 2576 capite
404 2529 466 2565 168
486 2529 585 2578 hujus
602 2530 688 2565 libri.

322 2590 407 2622 400,
422 2592 479 2624 49.
517 2580 618 2624 Θυμόν
646 2581 721 2624 ἔχων
751 2577 910 2626 alydon]
950 2580 1028 2616 MS.
1056 2582 1122 2627 ἔχε.

273 2626 380 2670 Quod
399 2627 434 2660 ὃς
459 2626 565 2675 ipsum
583 2626 719 2662 videtur
735 2627 948 2676 probandum
966 2654 977 2671 ,
1002 2639 1041 2663 ut
1058 2629 1122 2664 fin-

273 2674 353 2722 gula
385 2685 544 2723 tanquam
577 2675 732 2711 distincta
764 2679 875 2725 capita
906 2688 1123 2721 annumeret,

273 2735 349 2769 quae
372 2723 413 2758 ab
439 2736 480 2758 eo
505 2724 578 2759 fieri
604 2725 727 2760 abhinc
745 2727 828 2762 velit
851 2724 904 2761 vel
932 2735 1047 2761 mente
1070 2728 1123 2763 vel

277 2771 376 2810 taffito.

322 2831 448 2866 401,7.
475 2826 580 2864 ΤμΞ-ας
597 2822 770 2869 συνέλεξα]
802 2825 962 2859 Accurati
981 2823 1055 2859 sunt
1072 2826 1121 2859 vi-

276 2869 304 2903 ri
319 2868 411 2902 dotti
428 2870 460 2903 ln
479 2871 528 2904 his
543 2871 728 2915 vertendis,
755 2882 793 2906 ut
808 2885 912 2920 quum
933 2873 1032 2908 Valla
1048 2873 1122 2908 red—

275 2916 370 2951 deret
384 2930 432 2963 ego
448 2930 521 2961 vos,
547 2931 672 2964 quoram
689 2931 777 2965 opera
791 2922 868 2956 mihi
884 2932 953 2966 opus
968 2922 1029 2968 est,
1054 2935 1123 2957 con-

276 2967 382 3008 traxi,
394 2966 583 3013 Stephanus
599 2970 781 3003 mutaverit
796 2981 845 3015 ego
862 2982 917 3004 vos
932 2973 1010 3016 coegi
1027 2972 1048 3005 a
1066 2983 1122 3005 vo-

278 3015 322 3048 bis
337 3014 399 3048 haec
412 3017 585 3060 requirens,
595 3015 685 3062 quod
703 3015 748 3050 fic
764 3019 887 3052 mutari
897 3017 1030 3052 videtur
1046 3018 1122 3053 ideo

277 3062 434 3110 placuiffe
451 3063 623 3111 Stephano
639 3089 650 3107 ,
674 3066 833 3111 quoniam
851 3067 885 3100 in
901 3065 1011 3101 Vallae
1027 3067 1123 3102 Lati-

280 3111 330 3145 nis
339 3110 439 3147 semel
450 3121 582 3147 tantum
598 3112 773 3148 dicebatur
788 3126 862 3159 vos,
872 3125 941 3149 non
957 3114 1059 3149 etiam
1067 3127 1122 3150 vo-

1149 1370 1151 1386 :
1175 1355 1344 1401 firmaret,
1372 1360 1493 1404 partim
1512 1369 1549 1394 ut
1567 1360 1756 1407 publicaret
1771 1362 2024 1411 conjecturam,

1174 1417 1238 1451 qua
1262 1405 1325 1452 ipsi
1347 1406 1525 1443 videbatur
1549 1408 1730 1457 legendum
1755 1416 1942 1456 ,Ἇζθικώνοαε
1968 1412 2024 1449 sed

1175 1453 1352 1487 discrimen
1368 1454 1477 1490 faeere
1493 1458 1667 1504 nequivit,
1683 1458 1781 1505 inops
1798 1459 1948 1505 consilii,
1962 1473 2023 1496 cu·-

1172 1501 1226 1548 jus
1241 1503 1375 1548 copiam
1392 1503 1517 1538 bonam
1536 1505 1632 1540 nobis
1640 1506 1770 1553 praebet
1781 1509 1931 1555 optimus
1941 1510 2024 1546 MS.

1175 1548 1338 1584 exhibens
1362 1550 1459 1597 plane
1477 1558 1636 1598 Ἀμμῶνα
1654 1578 1665 1594 ,
1690 1556 1782 1601 quod
1803 1567 1904 1605 typos
1928 1570 2023 1595 nune

1174 1597 1265 1647 fugit
1280 1599 1374 1633 ocius
1390 1600 1644 1636 restituendum.

1221 1659 1368 1695 401,32.
1397 1650 1504 1689 Καῖῆκε
1522 1655 1548 1687 ἐς
1566 1651 1620 1686 aiu)
1636 1651 1832 1698 Romanarum]
1855 1654 1932 1689 MS.
1944 1656 2023 1692 Me-

1172 1695 1287 1731 diceus
1312 1698 1410 1736 κοίῖἦκε
1438 1703 1464 1735 ἐς
1490 1699 1524 1734 τδ
1548 1703 1703 1746 ninom&
1723 1726 1735 1745 ‚
1759 1702 1935 1749 quomodo
1956 1712 2023 1754 vpro

1173 1746 1274 1794 gustu
1291 1747 1459 1782 varietatis
1473 1747 1632 1797 scripfiss'e
1647 1749 1860 1786 crediderim.

1220 1807 1305 1840 402,
1319 1806 1371 1843 39.
1399 1799 1456 1830 E'rr'
1473 1796 1490 1832 Ξ
1508 1801 1531 1846 »ᾖ
1551 1801 1564 1832 o‘
1586 1799 1711 1839 utimr&
1730 1825 1737 1832 .
1756 1825 1763 1832 .
1781 1825 1788 1832 .
1805 1805 1968 1848 ἐπωνυμίην
1992 1803 2026 1839 ‘e'-

1172 1843 1249 1889 xi]
1288 1846 1339 1879 Ita
1360 1844 1449 1879 edidi
1473 1858 1514 1880 ex
1535 1847 1610 1882 MS.
1628 1846 1687 1882 ubi
1701 1847 1807 1897 vulgo
1832 1861 1903 1886 erat
1923 1855 1976 1887 ἀπ’
1991 1851 2027 1888 ἔ.

1174 1892 1280 1927 Causa
1295 1893 1441 1940 superius
1455 1893 1544 1930 dic‘ta
1560 1896 1619 1931 est.

1220 1947 1344 1990 403.6.
1372 1946 1410 1976 E'v
1427 1949 1470 1989 τῷ
1488 1944 1573 1983 Σάλη
1589 1961 1620 1980 τε
1633 1947 1822 1992 Σαμοθςηΐκη
1840 1947 1922 1985 πόλις
1932 1949 2023 1998 &c.]

1174 1990 1246 2025 Vix
1280 1992 1436 2025 decernas
1451 2017 1462 2035 ,
1493 2002 1608 2028 utmm
1636 1994 1759 2029 Graeca
1792 1997 2022 2046 negligentius

1173 2038 1237 2075 fint
1253 2040 1480 2075 administrata
1495 2066 1506 2085 ,
1532 2054 1573 2077 an
1588 2043 1722 2077 Latina.
1752 2044 1791 2078 Ν
1794 2056 1846 2080 am
1863 2045 1899 2080 &
1918 2046 2020 2082 Grae-

1172 2100 1211 2122 ca
1227 2089 1286 2123 ista
1303 2088 1384 2123 stare
1402 2099 1459 2123 aut
1477 2090 1610 2125 tolerari
1627 2101 1817 2139 nequeunt,
1844 2093 1879 2128 &
1896 2095 2021 2132 Latina

1172 2136 1271 2172 video
1295 2136 1340 2171 fic
1363 2137 1417 2171 edi
1435 2138 1506 2186 jam
1530 2138 1571 2173 ab
1595 2152 1682 2174 anno
1702 2144 1787 2186 1566
1803 2142 1838 2175 in
1854 2142 2019 2190 Stephani

1172 2184 1376 2220 editionibus
1391 2211 1402 2229 ,
1438 2186 1621 2233 majoribus
1645 2188 1706 2223 illis
1722 2212 1734 2231 ,
1759 2189 1810 2223 uhi
1826 2190 1903 2225 Sala
1927 2193 2019 2238 urbs,

1174 2235 1389 2269 Samothracia
1404 2235 1444 2273 &
1462 2236 1552 2269 Zona
1568 2261 1580 2279 ,
1605 2235 1819 2273 dil'tinffione
1836 2238 1899 2274 hac
1922 2252 2019 2289 repe-

1173 2284 1238 2318 tita
1256 2285 1290 2318 in
1314 2283 1462 2318 editione
1485 2285 1560 2318 anni
1583 2295 1693 2330 1592,
1719 2286 1821 2321 etiam
1841 2298 2019 2335 repetente

1170 2333 1426 2381 Jungermanno
1444 2357 1456 2376 ‚
1480 2344 1584 2380 quum
1607 2333 1713 2368 editio
1738 2335 1808 2370 Th.
1837 2336 1924 2372 Gale
1948 2338 2020 2374 illic

1176 2380 1216 2415 fit
1233 2382 1339 2416 oblita
1354 2390 1540 2416 atramento
1556 2382 1686 2417 incerto
1703 2382 1739 2417 ὅ(
1755 2383 1908 2430 sordido,
1926 2386 2019 2434 quod

1175 2440 1290 2465 tamen
1306 2431 1354 2465 est
1369 2429 1447 2465 loco
1464 2429 1694 2466 distinetionis.
1721 2432 1786 2467 Sed
1803 2433 1836 2467 ὅ(
1856 2434 1891 2468 in
1907 2435 2019 2470 mino-

1174 2492 1209 2514 re
1218 2480 1246 2514 F
1249 2479 1476 2514 rancofurtina
1492 2480 1569 2514 anni
1591 2484 1687 2514 1620.
1712 2482 1804 2524 Quae
1821 2494 1890 2518 non
1905 2492 2019 2520 tamen

1178 2528 1222 2563 fic
1239 2528 1393 2563 distineta
1417 2527 1499 2575 legit
1518 2528 1680 2576 interpres
1696 2530 1832 2565 Italicus
1850 2557 1862 2576 ,
1887 2530 1942 2566 sed
1958 2545 2019 2580 pe-

1177 2579 1247 2624 jore
1266 2576 1369 2611 modo
1391 2576 1606 2624 disccndemlost
1624 2578 1708 2612 dalla
1731 2581 1809 2613 citta
1830 2580 1864 2614 di
1882 2581 1959 2617 Sala
1975 2581 2018 2619 ὅ*

1171 2622 1208 2660 ‘dc‘
1217 2628 1307 2661 Zona
1325 2626 1375 2660 che
1382 2624 1456 2671 sono
1474 2627 1507 2658 in
1526 2626 1752 2661 Samothracia.
1778 2628 2017 2664 Permittamus

1176 2676 1313 2724 nugari,
1339 2673 1457 2722 quibus
1474 2673 1520 2708 ita
1535 2675 1655 2722 placet.
1683 2676 1725 2711 In
1735 2677 1868 2712 Graeeis
1882 2689 1949 2713 non
1964 2677 2018 2713 in-

1176 2725 1294 2772 telligo
1319 2735 1378 2758 cur
1402 2722 1542 2757 meliora
1565 2724 1699 2771 ingenia
1731 2726 1903 2772 potuerint
1927 2727 2017 2773 pati,

1176 2782 1214 2808 ut
1237 2771 1390 2820 splendor
1412 2771 1632 2807 Herodoteus
1656 2782 1724 2808 tam
1748 2773 1874 2808 sordida
1897 2773 2017 2812 umbra

1177 2821 1371 2856 foedaretur.
1421 2819 1514 2854 Nam
1542 2820 1623 2855 illud
1641 2823 1826 2869 Σαμοθςηΐκη
1849 2821 1933 2857 nihil
1947 2823 2017 2870 est,

1176 2870 1211 2904 ὃ(
1229 2869 1353 2919 liquide
1374 2867 1482 2903 codex
1507 2871 1657 2917 optimus
1678 2870 1778 2905 habet
1800 2872 2019 2919 Σαμοθρηικίη,

1174 2920 1265 2966 quod
1281 2919 1328 2953 est
1343 2917 1558 2952 neceffiirium
1569 2944 1581 2963 ,
1608 2918 1643 2954 δε
1659 2918 1760 2953 hodie
1773 2919 1918 2966 exprimi
1933 2919 2019 2960 solet

1177 2970 1361 3015 Σαμοθςῃκίη
1377 2990 1389 3009 ,
1415 2966 1506 3012 quod
1530 2967 1579 3002 est
1600 2967 1753 3016 gentile3
1781 2967 1907 3015 quippe
1930 2968 2017 3008 ficut

1175 3016 1216 3051 ab
1243 3015 1350 3061 Ogjxn
1376 3015 1476 3049 etiam
1502 3016 1549 3051 est
1577 3015 1752 3061 &&na&,
1787 3022 1907 3060 &gqm'n
1926 3042 1937 3061 ‚
1969 3020 2017 3057 ita

1175 3063 1366 3113 composito
1395 3065 1581 3110 Σαμοθρᾴκῃ
1604 3063 1716 3110 negari
1749 3061 1854 3098 fimile
1886 3070 2015 3114 nequit.

1176 3114 1289 3159 Immo
1308 3124 1380 3159 cap.
1406 3114 1465 3148 108
1484 3113 1583 3148 habes
1597 3110 1721 3158 liquide
1739 3115 1945 3161 Σαμοθρᾴκια
1960 3117 2018 3162 '5¹'-

1173 3177 1251 3211 χεσο.
1867 3173 1948 3209 403,
1962 3176 1974 3198 1
1984 3179 2014 3202 2.
