2112 3621
312 243 393 294 840

314 309 392 344 dem
409 317 471 353 pro
488 304 561 350 ἔρξω
580 304 713 339 notavit
729 316 772 338 ex
792 302 939 338 Ionismo
949 302 1122 338 Salmasius

315 356 356 392 ad
373 353 557 389 consecrat.
578 352 730 400 Regillae
749 365 782 401 p.
795 357 847 400 36.
874 351 942 388 Sed
957 351 1125 400 specimen

318 402 560 440 Herodoteum
584 402 620 436 in
638 401 715 449 ὄρθ’
732 426 744 446 ‚
771 405 786 437 ὁ
801 426 813 446 ,
838 401 886 436 est
902 400 960 436 sub
979 402 1125 436 numeris

317 452 376 497 28,
392 463 449 498 40.

369 499 425 546 58,
442 510 500 546 45.
526 500 633 535 Τωῦτδ
664 503 793 536 ἐποιέετο
828 499 949 546 l'wvlfy]
988 499 1126 534 Scilicet

318 551 396 598 quia
412 550 585 598 inceperat
610 561 670 596 per
694 548 931 597 imperfectum
958 548 1124 594 ἐτύγχανον

321 596 505 645 &woelfflan
522 623 534 642 ‚
561 599 596 633 in
613 610 654 632 eo
669 597 787 633 debuit
809 597 969 647 progredi
985 625 994 638 ‚
1021 609 1125 645 quum

319 648 426 697 longe
441 647 576 683 alterius
593 648 723 695 generis
743 646 782 682 fit
807 648 900 694 prior
923 647 1125 695 pronuncia-

320 697 372 732 tio
388 722 400 740 ,
424 709 526 744 quam
552 697 629 732 haec
645 722 657 741 ‚
683 709 759 744 quae
783 695 972 743 amplificat
997 706 1126 743 praece-

320 745 436 781 dentia
450 770 462 789 ‚
489 745 525 781 &
542 746 706 781 monstrat
720 771 731 790 ‚
760 745 849 780 unde
866 745 921 779 illa
938 745 1029 779 nosci
1045 754 1126 790 que·

321 803 382 831 ant
396 819 409 839 ,
442 794 479 829 &
502 794 536 829 in
558 807 627 841 quo
651 793 809 830 confistat
831 792 964 828 illarum
990 791 1126 828 urbium

320 843 511 879 beatltudo.
563 844 682 891 Itaque
700 841 923 879 suaviffimum
940 842 1009 886 est,
1034 840 1127 888 quod

322 891 449 941 legitur
464 893 500 927 in
519 893 654 941 optimo
677 893 757 928 MS.
776 891 869 927 τῶϋτδ
886 894 964 932 ποιὲᾂ
979 897 1015 936 τῇ
1034 893 1128 935 Υωνίῃ.

322 943 381 978 Sic
399 951 493 990 patet
511 969 519 981 ‚
545 941 634 976 unde
651 942 782 976 venerit
800 940 886 975 istud
904 940 1026 975 orande
1044 942 1129 972 ἐποι-

322 993 395 1027 έετο.
428 990 554 1038 Neque
571 990 662 1024 enim
679 989 734 1023 hic
753 968 990 1036 imperfegium
1007 985 1129 1022 tolera-

320 1041 349 1074 ri
366 1039 486 1087 potest.
514 1040 612 1073 Dent
629 1038 763 1073 veniam
779 1047 834 1072 tot
851 1035 1004 1072 lestores.

375 1098 431 1132 59,
447 1099 474 1121 1.
500 1087 571 1121 T‘7rd
591 1085 611 1124 Ξ
630 1090 731 1133 θεξμξ
748 1085 802 1134 23⁸9]
830 1086 912 1121 MS.
931 1083 1036 1123 ὑπὲξ
1052 1087 1129 1131 Seg-

320 1141 381 1181 μοῦ
399 1151 431 1171 τε
453 1134 555 1186 ,ὲ51ἶε
574 1147 674 1182 quam
692 1135 852 1182 praeclare
867 1133 974 1168 sermo
992 1132 1128 1181 respon-

321 1184 379 1220 det
396 1183 673 1219 antecedentibus
691 1184 812 1230 ψυχςοῦ
828 1197 859 1216 τε
884 1186 907 1228 ιξ,
926 1185 1021 1226 ὐκοῦ.
1062 1181 1128 1216 Sed

321 1233 358 1269 &
376 1232 497 1268 deinde
514 1236 661 1278 τὲωεςοις.
688 1232 744 1266 Sic
764 1232 866 1266 etiam
882 1229 946 1277 seq.
964 1241 1043 1278 pag.
1061 1234 1126 1266 τέσ-

321 1297 411 1328 σερες.
444 1280 549 1316 Unde
563 1281 664 1315 etiam
687 1291 717 1323 1,
731 1284 794 1315 166
811 1278 877 1313 fCCi
893 1281 1126 1324 -cemffl‘novloe,

321 1330 382 1365 etfi
402 1342 472 1365 non
489 1330 635 1364 notarim
653 1341 696 1364 ex
713 1329 796 1364 MS.

371 1377 468 1425 59,8.
497 1380 567 1413 Αἵδε
586 1384 617 1414 ’w
634 1383 670 1424 τῇ
680 1380 789 1423 Λυδίῃ·
820 1376 985 1423 Ε”φεσ(ῷ-·.]
998 1376 1037 1412 Id
1048 1389 1128 1424 pro—

320 1428 400 1463 bare
417 1427 558 1462 annixus
574 1426 639 1460 fuit
649 1427 714 1460 Vir
723 1424 929 1459 doetiffimus
939 1426 1128 1472 I.Rutger-

321 1476 385 1511 fius
400 1501 413 1519 ‚
440 1475 530 1510 unde
547 1475 628 1508 hinc
654 1473 831 1507 inchoavit
856 1483 959 1520 caput
979 1473 1128 1519 primum

319 1524 396 1559 libri
413 1522 550 1558 secundi
560 1522 741 1556 Variarum
752 1520 972 1556 Lezffionum.

371 1583 428 1618 59,
442 1583 495 1612 19.
526 1570 630 1617 θ”ξκισι
648 1569 871 1617 ποιησαίμῦζυοι]
899 1570 1027 1619 Magna
1042 1568 1129 1606 obli-

318 1621 376 1657 vio
394 1619 673 1668 praecedentium.
714 1619 834 1666 Itaque
857 1631 964 1667 quum
982 1618 1027 1654 fic
1043 1619 1130 1654 male

319 1670 513 1717 conspirent
528 1668 603 1713 alii,
624 1680 710 1703 unus
727 1668 781 1702 ille
797 1668 949 1716 optimus
964 1667 1001 1703 &
1017 1669 1129 1703 conti-

319 1720 454 1754 nentior
478 1718 558 1754 MS.
582 1716 723 1753 reservat
750 1716 873 1764 demit.
900 1716 993 1765 quod
1019 1718 1130 1753 omni-

320 1781 367 1803 no
382 1766 621 1804 vindicandum
646 1766 683 1801 &
706 1766 936 1802 reducendum
962 1767 998 1801 in
1019 1765 1129 1801 sedem

320 1817 410 1853 suam
428 1816 487 1852 est.
513 1816 609 1852 Nam
627 1815 663 1850 ὃς
681 1814 726 1850 sic
742 1815 843 1864 paulo
858 1824 935 1850 ante
951 1815 1040 1850 dixit
1056 1816 1130 1862 Πρὲς

321 1866 426 1903 ‘toti-1¹35·
449 1864 538 1913 ὅρκιον
568 1871 673 1912 KQ&
697 1865 861 1904 ἑποιῆσοὶἶο.
911 1864 1003 1899 Infra
1025 1864 1131 1900 rursus

320 1927 395 1963 cap.
409 1919 484 1956 169.
512 1913 681 1959 Μιλήσιοιξῖ
698 1918 782 1960 αὐτῷ
791 1913 873 1961 Κύρῳ
894 1912 984 1961 ὅρκιον
1000 1914 1132 1953 ποιησαί-

322 1963 413 2009 μῖᾆιοι.
447 1963 554 1998 Paulo
570 1972 646 1998 ante
662 1963 764 1998 etiam
783 1975 826 1997 ex
843 1962 922 1997 MS.
939 1962 1028 1997 edidi
1045 1967 1131 2006 σφίσι

324 2013 344 2057 ὃ
362 2011 631 2058 ὁμοφωνὲκζζιμιὺὶ
647 2012 839 2060 vtilg0,‹rc1>2
857 2011 946 2058 5⁸‚de
962 2025 1031 2060 quo
1048 2024 1130 2047 con-

323 2061 373 2095 fer
389 2071 547 2096 annotata
565 2060 623 2096 sub
640 2061 786 2095 numeris
808 2072 819 2095 1
833 2072 864 2105 1,
878 2065 929 2096 16.

377 2120 433 2155 59,
445 2121 497 2157 34.
524 2114 628 2145 Ε’πίτε
639 2114 736 2152 σφέων
749 2109 894 2156 αὐτέων]
923 2110 1040 2144 Primo
1051 2110 1129 2145 MS.

324 2162 372 2193 ἐπὶ
389 2159 486 2200 σφέων
508 2157 575 2192 fine
591 2158 722 2206 copula.
770 2158 946 2194 Caeterum
972 2158 1066 2194 locus
1082 2159 1130 2194 est

324 2207 553 2242 conclamatus
594 2219 654 2254 per
700 2206 879 2254 speciosam
926 2207 1129 2244 medicinam

325 2256 435 2292 Henr.
458 2255 648 2303 Stephani,
681 2256 739 2302 qui
762 2265 831 2290 tam
854 2256 974 2292 leniter
997 2256 1130 2293 videtur

325 2303 504 2340 absterfiss'e
521 2314 631 2339 totam
646 2303 833 2340 molestiam
846 2330 857 2349 ‚
883 2315 922 2340 ut
937 2317 1054 2341 omnes
1069 2319 1131 2354 po-

325 2353 403 2389 steri
419 2354 542 2402 gratias
558 2352 606 2387 illi
628 2362 730 2402 agant
746 2378 758 2397 ,
784 2365 889 2401 quum
906 2355 1040 2389 interim
1056 2356 1131 2389 uni—

324 2401 451 2438 versam
474 2401 643 2437 Herodoti
677 2412 826 2437 mentem
850 2403 931 2437 hinc
954 2403 1131 2450 expulerit.

326 2451 424 2488 Nam
433 2450 539 2486 Aldus
555 2450 590 2484 ὃς
601 2450 811 2486 Camerarius
826 2450 1002 2486 ediderunt
1019 2453 1080 2487 ἐπεί
1096 2468 1129 2488 τε

324 2501 422 2543 σφέων
439 2503 550 2536 αὐτέων
569 2499 694 2545 τέ’νομω.
720 2499 810 2535 unde
825 2512 932 2548 quum
942 2500 1133 2548 Stephanus

324 2548 464 2584 refinxit
480 2553 532 2585 ἐπί
547 2564 598 2590 τε,
625 2548 699 2583 sane
713 2549 883 2593 molliter,
898 2549 1049 2585 creditur
1060 2550 1131 2590 He—

324 2598 465 2633 rodotus
479 2624 491 2643 ‚
525 2597 610 2632 nihil
633 2597 722 2633 aliud
747 2597 809 2633 nifi
841 2597 987 2632 indicare
1017 2598 1131 2633 fanum

324 2659 459 2695 quoque
466 2647 508 2682 de
522 2646 581 2682 suo
596 2647 735 2682 nomine
752 2646 970 2681 construxisse
978 2659 1035 2682 eos
1048 2648 1131 2682 Pan-

324 2696 455 2731 ionium
471 2721 483 2740 ,
511 2695 568 2742 (&
593 2696 790 2731 meminerat
818 2695 1007 2743 Stephanus
1038 2695 1131 2731 locu-

323 2744 424 2779 tionis
448 2744 503 2780 ’ἑῧτῖ
522 2748 616 2787 σφέων
641 2745 735 2790 ἔνωμα
759 2744 866 2786 θέοῗς)
893 2743 989 2780 αυξὲα
1011 2746 1046 2780 in
1068 2745 1132 2780 im-

323 2792 474 2829 mensum
497 2793 622 2829 Latina
646 2793 924 2840 interpretatione
948 2806 1009 2842 per
1030 2807 1132 2830 voces

323 2841 457 2876 Graecis
480 2843 613 2890 ignotas
636 2841 672 2876 ὅ(
688 2841 779 2877 f211sas
795 2868 806 2886 ,
832 2852 992 2891 tanquam
1010 2844 1130 2878 Panio-

322 2889 384 2924 niis
400 2902 524 2925 nomen
549 2890 609 2925 fibi
634 2889 828 2926 indiderint.
880 2893 930 2926 At
946 2891 1048 2939 longe
1069 2892 1131 2927 alia

320 2949 412 2973 nunc
434 2938 597 2986 gloriatur
616 2939 814 2973 Herodotus
836 2939 878 2974 de
905 2940 956 2974 his
972 2940 1130 2984 Ionibus,

322 2997 444 3035 nempe
467 2986 558 3021 ausos
582 2985 676 3021 fuisse
708 2986 861 3033 spernere
883 2987 1008 3034 reliqua
1034 2989 1070 3023 &c
1095 2991 1130 3024 in

321 3033 383 3070 suis
400 3035 496 3070 rebus
520 3035 616 3070 laetos
639 3035 739 3082 egisse
756 3060 767 3077 ‚
794 3034 885 3082 quod
908 3034 1131 3072 beneficentia

322 3081 502 3120 suavissima
518 3084 602 3119 mihi
613 3081 842 3130 significatum
857 3083 897 3119 ab
907 3085 1041 3133 optimo
1053 3086 1131 3121 MS.

589 235 763 291 JAc.
837 234 1337 278 GRONov11

1412 231 1687 275 NOTAE

1180 314 1268 336 nunc
1284 303 1504 337 communico
1527 314 1607 336 cum
1630 300 1787 337 omnibus
1805 327 1816 346 ,
1842 301 1922 337 dum
1940 302 1986 338 le-

1180 352 1232 400 git
1247 350 1365 385 diserte
1383 354 1406 401 »ὲ
1434 353 1488 398 ἱρὸν
1514 351 1651 397 ι’δῷύσαινἹο
1669 355 1719 386 ἐπὶ
1742 356 1836 393 σφέων
1855 356 1987 396 αὐτέων,

1181 405 1219 444 τῷ
1243 400 1340 445 ἔνωμα
1366 401 1452 435 {besto
1477 400 1517 439 &³
1534 399 1652 447 fanum
1676 401 1903 447 construxerunt
1923 402 1987 447 fibi

1175 451 1345 493 peculiare,
1372 453 1449 494 (aut
1457 448 1631 494 separatim
1638 449 1707 495 suis
1723 450 1843 495 opibus)
1871 453 1918 484 cui
1932 463 1985 485 no-

1177 510 1243 531 men
1258 498 1403 531 dederunt
1413 498 1574 531 Panionio.
1598 498 1654 532 Sic
1670 510 1743 546 cap.
1757 510 1832 545 149.
1851 502 1994 545 dymnum

1176 546 1279 593 ‹iga-iu),
1294 552 1330 593 τῇ
1345 547 1426 581 έθείῖο
1442 546 1570 590 τοῦνομα
1586 546 1746 582 Πανιώνια.

1229 607 1351 642 )-9,4ι.
1379 593 1634 641 Tqsornzivigdv]
1655 594 1711 629 Sic
1726 594 1988 644 sci-ipfit,quum

1181 654 1292 679 tamen
1309 656 1391 679 mox
1407 643 1558 692 sequatur
1568 647 1689 690 Τςιοπίε
1708 643 1908 686 A’m'nxm&.
1934 647 1989 682 Ita

1181 703 1356 728 accuratus
1379 692 1446 728 fuit
1465 692 1662 727 Herodotus
1687 692 1722 727 in
1746 691 1989 741 distinguendo

1182 742 1320 777 ethnico
1337 742 1487 777 derivato
1503 740 1544 776 ab
1566 739 1740 789 poss‘effivo
1757 767 1769 785 ‚
1796 741 1887 789 quod
1909 755 1989 790 pro-

1183 789 1259 824 inde
1274 803 1317 825 ex
1335 790 1455 825 eodem
1478 791 1558 826 facit
1583 801 1719 838 quoque
1736 790 1926 838 Stephanus
1946 792 1990 828 de

1182 838 1335 874 Urbibus
1350 839 1384 873 in
1402 852 1434 873 v.
1450 840 1606 882 τρόπων,
1632 839 1729 874 Facit
1744 840 1846 875 etiarn
1863 839 1991 876 studio-

1182 885 1213 920 se
1229 886 1265 920 &
1280 886 1491 923 laudabiliter
1506 888 1679 923 Salmasius
1701 888 1741 923 ad
1766 887 1990 925 consecratio-

1183 944 1261 969 nem
1284 935 1434 983 Regillae
1459 948 1536 984 pag.
1561 936 1619 983 58,
1645 936 1706 971 etsi
1731 937 1904 986 inscriptio
1929 939 1989 974 ista

1183 983 1314 1018 nonnisi
1330 984 1458 1032 gentile
1476 984 1643 1032 agnoscat.
1669 986 1766 1020 Fecit
1783 999 1918 1035 quoque
1931 989 1991 1034 Jo.

1183 1033 1211 1067 F
1213 1032 1383 1068 ridericus.
1434 1033 1523 1068 Non
1548 1033 1631 1068 facit
1646 1033 1745 1069 Valla
1767 1035 1990 1082 interpretans

1184 1079 1339 1129 Triopium
1354 1081 1483 1128 sacrum
1498 1107 1510 1127 ‚
1543 1094 1613 1116 non
1628 1082 1817 1129 Stephanus
1834 1083 1991 1130 Triopium

1181 1132 1326 1175 templum
1334 1155 1345 1174 ‚
1372 1143 1441 1166 non
1451 1131 1663 1166 Marshamus
1679 1132 1714 1165 in
1723 1131 1906 1168 Chronicis
1916 1134 1991 1169 He-

1183 1179 1343 1214 rodotum
1360 1180 1466 1215 citans
1483 1180 1518 1215 ὃς
1534 1180 1669 1228 sequens
1685 1181 1895 1229 Stephanum
1912 1195 1990 1232 pag.

1188 1239 1266 1275 341,
1275 1238 1313 1262 ut
1329 1228 1445 1264 reddat
1459 1230 1504 1263 ad
1512 1228 1667 1274 Templum
1677 1228 1853 1275 Triopium3
1881 1230 1917 1266 &
1927 1245 1991 1280 po-

1183 1276 1247 1310 test
1262 1276 1333 1311 fieri
1344 1303 1356 1322 ‚
1381 1288 1417 1312 ut
1432 1276 1519 1313 bene
1535 1276 1711 1312 adsciverit
1723 1279 1913 1326 Stephanus
1926 1293 1991 1315 vo-

1183 1337 1259 1359 cem
1281 1328 1435 1372 templum.
1485 1326 1550 1362 Sed
1573 1326 1655 1374 quid
1677 1326 1884 1374 frequentius
1900 1329 1990 1377 apud

1183 1375 1337 1422 antiquos
1360 1376 1509 1410 occurrit
1525 1401 1537 1421 9
1571 1388 1671 1423 quam
1695 1375 1803 1411 sermo
1825 1377 1868 1412 de
1891 1390 1990 1413 com-

1183 1424 1344 1458 munione
1358 1423 1525 1460 sacrorum
1550 1429 1610 1471 (ut
1626 1425 1775 1473 loquitur
1791 1426 1990 1463 Holstenius

1183 1469 1224 1504 ad
1233 1471 1442 1518 Stephanum
1459 1475 1493 1508 in
1508 1487 1542 1508 v.
1559 1473 1710 1517 A'Gwcpooe,
1735 1473 1794 1510 ubi
1806 1476 1937 1511 Dorica
1951 1477 1989 1512 in

1185 1518 1324 1554 Graecia
1341 1520 1378 1553 &
1402 1521 1505 1555 altera
1521 1523 1652 1557 Dorica
1674 1523 1709 1557 in
1731 1522 1810 1558 Afia
1824 1524 1990 1560 confundi

1183 1577 1341 1614 apparet,
1350 1568 1442 1615 quod
1457 1569 1564 1603 vitare
1578 1569 1739 1607 debuerat
1753 1571 1882 1614 editor)
1893 1573 1928 1608 &
1938 1572 1989 1608 so-

1183 1616 1425 1661 cietate‚unde
1439 1617 1520 1652 alios
1535 1617 1779 1660 arceant‚alios
1794 1619 1835 1652 ad
1850 1632 1923 1654 eam
1931 1621 1990 1656 ad-

1183 1665 1353 1701 mittant?
1378 1665 1461 1701 Nec
1483 1664 1564 1700 sacri
1581 1664 1765 1700 celebratio
1788 1667 1990 1716 intelligitur

1182 1712 1302 1762 absque
1317 1713 1570 1763 templo,quod
1586 1714 1643 1749 hic
1659 1713 1797 1750 adfuiss'e
1812 1717 1914 1752 etiam
1923 1717 1992 1753 cla-

1182 1762 1304 1798 riffime
1323 1773 1416 1812 patet
1432 1776 1475 1799 ex
1499 1762 1713 1812 sequentibus
1728 1789 1741 1808 .,
1767 1763 1804 1799 &
1821 1764 1928 1802 fimile
1942 1766 1992 1802 est

1182 1812 1218 1846 in
1239 1824 1313 1860 cap.
1335 1825 1413 1859 171.
1464 1812 1641 1848 Caeterum
1666 1812 1708 1848 ad
1732 1813 1994 1852 illustrationem.

1184 1861 1282 1910 hujus
1297 1863 1426 1910 antiqui
1442 1862 1546 1897 moris
1560 1861 1602 1897 de
1616 1861 1791 1910 tripodum
1807 1864 1841 1898 in
1852 1863 1935 1900 locis
1943 1863 1991 1900 sa-

1184 1911 1246 1946 cris
1270 1910 1484 1947 dedicatione
1507 1911 1615 1946 utitur
1639 1911 1801 1947 hocloco
1818 1911 1988 1949 Casaubo-

1183 1971 1244 1995 nus
1259 1959 1301 1996 ad
1316 1960 1518 1996 Suetonium
1535 1961 1570 1995 in
1586 1960 1744 2009 Augusto
1759 1974 1789 1996 c.
1803 1972 1855 2007 52.

1207 2013 1266 2055 60,
1276 2020 1330 2044 21.
1357 2010 1410 2047 Καὶ
1420 2009 1538 2056 adm]
1550 2010 1605 2045 Sic
1613 2009 1794 2054 edidi‚non
1803 2011 1988 2056 Aejssamob-

1183 2067 1374 2107 temperans
1383 2057 1582 2094 Casaubono
1597 2060 1662 2094 rite
1677 2060 1830 2094 monenti
1846 2059 1886 2094 ad
1895 2060 1988 2094 Stra-

1182 2106 1307 2142 bonem
1316 2119 1393 2155 pag.
1408 2112 1486 2154 167,
1495 2118 1601 2155 quum
1617 2109 1684 2153 jam
1699 2107 1883 2142 anteivisset
1897 2107 1989 2143 recte

1183 2155 1281 2191 Valla
1290 2157 1324 2190 in
1340 2155 1591 2204 interpretando
1603 2150 1618 2191 ε’
1627 2155 1646 2190 ὲ
1655 2168 1724 2203 quo
1739 2167 1800 2190 cur
1808 2154 1988 2193 discesserit

1181 2204 1234 2250 Jo.
1251 2205 1280 2239 F
1282 2204 1460 2248 ridericus,
1485 2204 1520 2238 ὃς
1536 2215 1613 2252 pag.
1632 2215 1699 2251 239
1716 2203 1858 2239 ediderit
1874 2205 1987 2251 Postea

1182 2254 1302 2288 Drima
1311 2254 1351 2293 &³
1362 2251 1535 2300 Pitaeenses
1549 2252 1682 2288 viderit.
1706 2254 1810 2288 Certe
1823 2252 1914 2288 nulla
1922 2265 1987 2302 po-

1183 2302 1247 2338 test
1255 2304 1335 2338 oriri
1342 2301 1483 2349 suspicio
1491 2301 1609 2337 urbem
1618 2301 1714 2336 istam
1729 2302 1776 2337 ita
1785 2314 1922 2350 quoque
1932 2302 1988 2339 fu-

1184 2351 1241 2387 isse
1249 2351 1448 2400 appellatam
1457 2376 1468 2395 ‚
1478 2351 1604 2399 quippe
1612 2350 1704 2399 quod
1720 2351 1755 2385 in
1769 2351 1860 2399 larga
1867 2350 1922 2386 lua
1930 2354 1989 2387 ἂκ-

1187 2402 1291 2447 φςρέσᾴ
1307 2399 1525 2436 annotaviffet
1541 2400 1730 2448 Stephanus
1740 2400 1989 2448 Seguierianus.

1234 2455 1292 2495 60,
1303 2459 1358 2496 25.
1383 2451 1430 2485 52⁰5
1447 2465 1483 2495 γε
1500 2465 1542 2484 τοι
1558 2448 1696 2496 pulmon]
1725 2448 1787 2484 Est
1801 2449 1869 2483 hoc
1885 2448 1988 2484 disso-

1185 2499 1294 2534 lutum
1304 2524 1316 2543 ‚
1341 2506 1379 2533 ut
1395 2497 1479 2532 nihil
1496 2498 1629 2546 proprie
1644 2497 1781 2542 afferat,
1804 2509 1911 2545 quum
1926 2497 1987 2533 de-

1184 2548 1261 2583 beat
1279 2547 1313 2582 id
1327 2546 1436 2582 facere
1452 2572 1463 2590 ‚
1490 2556 1592 2594 prout
1614 2545 1761 2581 declarat
1777 2545 1887 2582 codex
1906 2546 1984 2582 MS.

1185 2597 1220 2634 ὥς
1239 2612 1277 2643 γε
1294 2612 1323 2632 τι
1337 2600 1458 2641 μῶλον.
1499 2596 1556 2630 Sic
1570 2595 1612 2630 de
1629 2594 1783 2643 praesenti
1800 2611 1812 2637 3
1839 2606 1921 2630 mox
1936 2593 1985 2629 se-

1184 2645 1300 2694 quitur
1321 2644 1363 2679 de
1385 2644 1559 2691 praeterito
1574 2669 1586 2689 ,
1619 2644 1657 2679 &
1679 2643 1861 2693 utrobique
1882 2641 1985 2678 debet

1184 2694 1291 2730 adesse
1307 2709 1356 2737 τι,
1380 2704 1449 2726 non
1465 2709 1520 2728 τοι.

1234 2747 1292 2788 60,
1304 2753 1356 2789 30.
1384 2741 1489 2778 Μινύου
1510 2741 1528 2787 {3
1547 2741 1762 2790 ὄρχαμὸἰυίοιζι
1781 2743 1984 2786 ἀναμεμίχα-

1185 2792 1267 2839 ww]
1300 2790 1354 2825 Ut
1368 2789 1423 2824 alii
1441 2791 1474 2824 in
1491 2789 1552 2825 suis
1568 2816 1580 2834 ,
1604 2792 1650 2826 ita
1667 2790 1734 2839 ipse
1749 2789 1855 2837 reperi
1872 2789 1906 2823 in
1923 2800 1983 2823 co-

1184 2840 1259 2875 dice
1276 2839 1484 2874 Florentino.
1517 2839 1599 2874 Inde
1616 2849 1716 2888 negat
1733 2835 1996 2874 Grcntemesni--

1184 2889 1245 2924 lius
1261 2899 1433 2936 emergere
1449 2889 1671 2923 commodum
1688 2885 1834 2930 sensum,
1858 2885 1918 2920 nili
1936 2886 1983 2920 le-

1182 2947 1241 2986 gat
1254 2935 1436 2984 Ο’ξχομ5ζυίοι
1446 2962 1457 2981 ,
1482 2948 1520 2973 ut
1536 2937 1695 2972 referatur
1709 2936 1923 2980 οἱνσιμεμίχοιᾘ
1942 2934 1984 2971 ad

1184 2988 1292 3021 lonas.
1334 2984 1491 3032 Explicat
1513 2985 1544 3021 se
1560 2984 1658 3033 paulo
1674 2981 1855 3018 obscurius.
1896 2984 1931 3018 Si
1948 2995 1983 3018 e-

1183 3035 1252 3068 nim
1269 3033 1343 3068 vult
1367 3036 1578 3080 οἱνοιμεμίχωῇ
1597 3032 1646 3067 bis
1668 3032 1751 3078 poni
1775 3031 1894 3066 eodem
1912 3057 1923 3075 ,
1947 3031 1985 3067 &t

1183 3084 1319 3118 innuere
1342 3091 1416 3117 turn
1437 3083 1574 3129 Minyas
1590 3080 1842 3117 Orchomenios
1858 3081 1986 3163 mixtqs

1908 3128 1954 3163 fui
1971 3145 1986 3156 ⁴
