2112 3621
262 241 345 292 EX
368 249 583 304 JOACH.
615 247 841 290 CAMER·
874 247 1101 292 PROEM„
1129 248 1201 293 IN
1232 247 1652 294 HERODOTUM
1711 257 1787 307 '7111

112 318 311 361 decurrens,
339 318 496 352 omnibus
515 316 722 351 ornamentis
737 315 920 363 conspicua
938 315 986 349 est
1004 316 1039 349 ’Ξῖ
1057 318 1211 353 illustris?
1240 319 1319 354 Sola
1334 320 1585 368 compositione
1603 325 1664 366 (ut
1682 321 1785 356 Cice*

112 366 187 401 roni
203 365 336 412 placet)
362 366 577 408 diss'olutior,
603 364 637 398 i'd
654 364 702 398 est
717 388 729 408 ,
755 365 903 399 numeris
918 376 1032 398 carens
1053 378 1059 399 :
1087 378 1191 413 quum
1218 370 1420 403 naturalium
1437 370 1591 417 quasdam
1611 371 1644 404 in
1665 370 1718 405 illa
1734 380 1785 405 tao

111 425 191 448 men
207 426 427 448 numerorum
446 413 635 447 modulatio
651 412 750 456 insit,
770 412 788 447 a
805 425 872 460 quo
891 412 961 459 ipso
977 414 1078 447 etiam
1096 416 1286 461 praestantia
1303 418 1458 464 quaedam
1477 431 1544 452 non
1562 419 1663 453 abest.
1692 420 1785 453 Nar«

110 462 255 496 rationes
272 462 346 497 sunt
363 462 493 496 disertae
509 476 516 497 ε
551 461 774 510 indicationes
796 461 957 509 expreffae
974 461 1008 496 ὃ(
1024 463 1197 509 speciolie:
1223 466 1466 511 explicationes
1480 478 1645 502 accuratae
1663 468 1698 501 ἃ
1715 470 1785 502 erin

108 510 242 546 dentes:
268 510 487 546 collectiones
504 521 607 545 certa:
625 521 726 558 atque
744 510 872 558 plenae:
898 511 934 544 in
950 510 1001 544 his
1015 522 1127 546 rerum
1143 512 1332 560 gestarum,
1359 515 1559 558 hominum,
1586 525 1782 563 temporum

108 558 209 594 fides:
240 566 396 595 accurata
413 571 672 608 compertorum
696 559 842 603 relatio,
868 557 1050 593 dubiorum
1075 561 1270 608 con-reclina
1286 561 1411 610 sagax,
1438 563 1666 597 sabulosomm
1687 577 1782 599 vere-³

106 607 218 644 cunda
234 610 520 644 commemoratio
539 623 546 644 :
573 610 657 643 mira
672 608 798 655 ubique
824 607 1019 655 simplicitas
1037 630 1049 651 ,
1075 608 1111 642 8<
1140 610 1283 644 eximius
1299 611 1435 657 quidam
1452 612 1589 645 candor.
1631 613 1723 658 Quae
1743 626 1782 646 o*

105 658 198 692 mnia
212 657 363 693 historiae
379 658 588 706 potiffimum
604 657 726 692 famam
737 681 749 700 ,
775 656 1000 705 dignitatem,
1024 657 1186 692 virtutem
1203 658 1415 693 constituunt
1431 659 1466 693 δε
1477 659 1673 707 perficiunt.

157 707 223 742 His
236 706 385 742 breviter
402 708 435 742 ὃ(
453 706 594 741 strictim
615 707 892 740 commemoratis
907 731 919 749 ‚
946 705 986 740 ad
1002 717 1040 739 ea
1058 718 1134 752 quae
1158 708 1192 740 in
1217 707 1284 741 hoc
1302 717 1419 741 autore
1437 709 1639 755 reprehendi
1658 735 1669 753 ,
1694 722 1779 757 quo-

107 767 253 803 rumque
268 756 407 790 nomine
423 756 606 803 vituperari
623 754 641 788 a
658 753 856 802 quibusdam
880 755 936 789 ille
950 754 1054 798 solet,
1079 756 1287 790 accedamus.
1320 756 1453 791 Contra
1471 770 1548 804 quie
1565 770 1669 804 quum
1687 759 1779 793 dice-

108 816 183 838 mus
198 829 210 848 ,
236 805 338 839 etiam
355 816 474 839 eorum
499 804 658 852 pleraque
681 816 758 851 qua:
774 803 945 852 posuimus
959 803 1061 851 paulo
1076 814 1153 838 ante
1171 822 1182 848 ς
1207 804 1444 840 tractabuntur
1459 807 1628 852 copiosius
1646 808 1681 841 Sc
1697 819 1779 842 eno—

106 852 227 887 datius.
261 853 314 887 Ac
333 849 484 900 primum
501 853 544 887 de
562 853 616 887 illa
632 853 764 900 vulgari
780 852 816 886 ἃ·
840 851 913 887 sane
938 853 1046 887 veteri
1062 853 1274 888 accusatione
1289 853 1545 889 mendaciorum
1562 868 1668 902 pauca
1682 856 1779 891 diffe-

105 913 234 936 ramus:
255 913 325 936 non
340 902 430 936 enim
447 912 540 936 certe
556 914 606 936 res
620 901 687 949 ipsa
705 902 810 936 multa
824 900 999 937 desiderat.
1026 901 1133 936 Aldus
1147 903 1250 937 etiam
1268 903 1448 938 Manutius
1465 905 1528 949 jam
1547 903 1615 938 hoc
1632 914 1710 938 ante
1718 918 1779 939 nos

105 951 237 985 crimen
253 950 364 985 diluit.
400 951 466 986 Sed
483 963 640 998 quaenam
658 950 733 985 sunt
750 952 805 985 illa
820 950 959 985 obsecro
978 950 1153 985 mendacia
1168 951 1181 985 ?
1205 952 1358 999 Quidam
1380 951 1454 986 sane
1471 952 1679 999 profitentur
1693 965 1730 988 ea
1747 953 1778 988 se

104 999 276 1035 annot-affe
292 999 327 1034 &
345 999 549 1035 confutasse:
578 1012 654 1047 quae
678 1001 807 1034 utinam
834 1000 1058 1047 perveniss'ent
1075 1001 1108 1034 in
1127 1012 1244 1036 manus
1261 1002 1397 1036 nostras.
1431 1003 1476 1036 ita
1492 1003 1583 1036 enim
1601 1002 1714 1036 futura
1730 1002 1778 1037 es-

101 1047 151 1083 set
166 1047 336 1096 responsio
353 1048 536 1096 copiofior.
579 1050 704 1096 Neque
719 1048 837 1083 derunt
852 1049 909 1096 qui
928 1048 1102 1083 Herodoti
1120 1049 1328 1096 potissimum
1352 1049 1474 1098 scripta
1490 1051 1537 1084 illi
1561 1050 1678 1093 satyra:
1696 1055 1708 1096 (
1718 1050 1778 1098 Ju-

102 1110 175 1130 vcn.
188 1099 247 1142 fat.
268 1100 332 1137 10.)
361 1097 569 1133 inl'etftationi
580 1097 793 1132 occasionem
805 1097 982 1145 praebuisse
997 1097 1265 1145 perhibeant‚ut
1275 1098 1448 1133 audaciam
1467 1095 1654 1134 mentiendi
1672 1101 1706 1134 in
1724 1100 1776 1134 hi-

103 1145 204 1182 storia
222 1146 429 1181 Graecorum
445 1148 643 1195 exagitaret.
680 1147 774 1180 Nam
792 1147 904 1180 Athos
927 1152 986 1191 (ut
1002 1146 1057 1180 ille
1072 1146 1245 1193 loquitur)
1270 1147 1458 1183 velificatus
1477 1173 1488 1192 ,
1512 1149 1685 1183 deridetur
1700 1174 1711 1193 ,
1738 1149 1775 1184 δε

103 1195 288 1243 compedes
303 1195 539 1243 Hellesponti,
563 1205 732 1243 epotaque
749 1195 889 1230 flumina
899 1195 1020 1229 Medo.
1048 1195 1222 1230 Nonnulli
1238 1195 1399 1230 fabulosas
1415 1196 1570 1243 quasdam
1588 1199 1775 1232 narratiun-

104 1244 195 1279 culas
209 1244 343 1278 insertas
359 1244 474 1292 passim
490 1244 659 1288 historiae,
683 1253 722 1278 ut
737 1243 836 1290 hujus
852 1244 1020 1291 gravitate
1038 1243 1378 1293 indignas‚1·cjiciunt
1389 1270 1400 1289 ,
1419 1246 1454 1279 ὃ(
1471 1257 1612 1293 propter
1628 1246 1696 1281 illas
1716 1259 1775 1281 au-

104 1302 215 1328 torem
234 1292 401 1327 mendacii
417 1293 588 1328 damnant.
625 1293 691 1328 Sed
715 1293 756 1327 de
783 1294 821 1328 iis
844 1304 921 1340 quae
939 1301 1172 1327 memorantur
1186 1294 1227 1328 ab
1245 1294 1431 1329 Herodoto
1446 1302 1588 1342 propter
1602 1296 1775 1343 magnitu-

101 1340 217 1376 dinem
232 1341 330 1375 nobis
346 1341 557 1376 incredibilia
569 1367 580 1386 ,
606 1342 823 1390 periniquum
841 1341 944 1376 fuerit
963 1341 1125 1387 judicium
1145 1364 1157 1385 9
1185 1342 1207 1376 fi
1224 1355 1292 1376 non
1309 1356 1386 1378 vera
1402 1344 1465 1379 effe
1484 1345 1561 1378 ideo
1577 1343 1774 1387 statuemus,

100 1389 194 1437 quod
209 1391 299 1424 notis
314 1391 437 1438 cuique
454 1389 572 1435 rebus,
599 1390 770 1435 moribus,
796 1389 983 1437 disciplinae
998 1402 1068 1424 non
1085 1389 1340 1439 fimilia,neque
1356 1393 1542 1427 rationibus
1560 1393 1679 1427 nostris
1689 1405 1773 1427 con-

99 1439 260 1487 gruentia
274 1438 339 1474 effe
353 1439 552 1484 videantur,
580 1439 672 1487 sique
686 1439 820 1474 nonnisi
837 1439 874 1473 iis
890 1451 967 1486 quae
984 1439 1082 1473 facilc
1100 1440 1290 1488 intelligere
1308 1440 1343 1474 ὃ(
1359 1442 1474 1475 animo
1497 1441 1680 1489 coniplec‘ti
1697 1441 1773 1489 pos-

101 1487 222 1532 fimus,
251 1487 356 1522 fidem
373 1488 561 1523 habendam
578 1490 642 1523 effe
656 1489 831 1524 ducemus.
863 1487 979 1531 Quam
998 1487 1105 1522 multa
1121 1488 1168 1522 illi
1184 1488 1246 1535 ipsi
1262 1490 1319 1536 qui
1336 1490 1411 1523 h-cc
1430 1490 1621 1537 antiquiora
1638 1491 1714 1525 falsa
1731 1490 1773 1525 fi-

100 1535 222 1584 &aque
237 1537 302 1572 esse
318 1536 483 1572 affirmare
497 1537 623 1572 audent
639 1562 651 1580 ,
674 1537 705 1571 se
722 1537 838 1571 vidisse
864 1536 1015 1570 referunt
1040 1536 1074 1570 δε
1091 1548 1154 1583 pro
1171 1538 1272 1571 certis
1289 1548 1562 1573 commemorant
1579 1555 1591 1582 ᾗ
1616 1541 1634 1573 a
1651 1538 1773 1586 quibus

99 1584 239 1620 affenfio
255 1585 443 1633 legentium
461 1586 589 1633 refugit
607 1585 620 1619 ?
647 1585 761 1620 Etiam
786 1584 926 1632 posteris
942 1585 1010 1618 hoc
1026 1586 1145 1619 nostris
1161 1586 1293 1620 accidet
1308 1611 1320 1630 ,
1344 1596 1382 1621 ut
1399 1587 1505 1621 multa
1520 1599 1597 1634 qua:
1612 1600 1704 1622 nunc
1720 1588 1772 1621 ni-

100 1634 165 1668 mis
180 1645 260 1669 vere
275 1634 364 1668 fiunt
379 1644 480 1681 atque
495 1643 662 1682 geruntur
677 1659 689 1678 ,
714 1632 929 1681 expositione
951 1633 1068 1668 inflata
1084 1632 1119 1667 ἃ
1136 1634 1343 1681 amplificata
1358 1636 1422 1670 ess'e
1438 1635 1656 1683 suspicentur.
1684 1637 1772 1671 Sunt

99 1681 174 1717 saue
189 1682 345 1729 quaedam
362 1683 512 1717 inaniora
528 1687 618 1729 (non
632 1683 723 1717 enirn
741 1683 852 1731 nego)
871 1683 905 1716 in
921 1682 1062 1726 talibus,
1078 1692 1116 1716 ut
1131 1683 1166 1716 in
1182 1685 1498 1732 peregrinatorum,
1515 1686 1572 1732 qui
1589 1685 1699 1721 adiere
1715 1685 1771 1720 illa

101 1731 178 1766 loca
193 1743 270 1778 quae
289 1730 388 1766 tellus
402 1742 554 1766 extrema
568 1730 678 1766 refuso
693 1730 884 1766 summovet
901 1743 1050 1775 oceano,
1065 1730 1284 1767 sermonibus.
1325 1732 1435 1782 Cujus
1449 1734 1704 1769 inhumanitatis
1720 1744 1770 1768 ta-

100 1791 178 1815 men
198 1781 301 1815 fuerit
315 1805 327 1824 ,
350 1779 540 1815 universum
565 1792 672 1829 genus
694 1782 926 1816 narrationum
947 1780 1084 1815 istarum
1107 1779 1208 1815 semel
1231 1781 1377 1828 abjicere
1401 1792 1439 1817 ut
1457 1782 1555 1817 futile
1570 1784 1605 1818 δε
1620 1783 1770 1818 vanum?

99 1829 210 1874 Quod
237 1828 260 1864 fi
284 1828 370 1873 fiat,
393 1838 533 1864 omnem
558 1828 706 1864 historiae
729 1831 894 1864 rationem
919 1828 1084 1864 confundi
1101 1852 1114 1872 ‚
1141 1826 1365 1879 habitumque
1389 1833 1538 1880 perverti
1563 1832 1691 1867 neceil'e
1717 1831 1768 1867 fit,

98 1878 198 1926 Qud
213 1877 255 1912 de
263 1878 439 1925 Babylone
454 1878 643 1927 prodiderit
652 1878 949 1922 Herodotus,non
965 1877 1013 1912 est
1026 1879 1198 1926 ignotum.
1225 1880 1316 1915 Haec
1332 1880 1563 1916 nobisscilicet
1575 1880 1770 1929 probabun-

100 1938 157 1963 tur
176 1927 218 1962 de
235 1927 326 1962 sensu
342 1927 379 1962 &
393 1929 596 1977 cognitione
610 1927 856 1976 oppidulorum
879 1926 1082 1962 nostrorum.
1123 1926 1221 1973 Qid
1237 1929 1327 1964 enim
1345 1929 1384 1964 ad
1403 1930 1458 1964 illa
1472 1929 1574 1979 spatia
1591 1955 1602 1974 ,
1628 1931 1681 1965 vel
1698 1943 1769 1964 ma-

100 1978 205 2011 ximae
221 1976 313 2011 urbis
329 1978 485 2012 omnium
501 1989 580 2025 quas
597 1989 754 2012 novimus
769 1976 938 2012 ambitus?
962 1976 1076 2024 itaque
1091 1975 1335 2013 &Aristoteles
1356 1981 1470 2023 (Polit.
1491 1980 1540 2026 3.)
1559 1989 1699 2028 gentem
1715 1991 1768 2013 rc-

98 2026 286 2073 gionemve
300 2025 533 2073 appellandam
559 2026 673 2074 potius
688 2026 888 2075 Babylona,
914 2024 949 2060 &
966 2025 1056 2073 siqua
1079 2025 1142 2060 alia
1165 2027 1301 2074 aequalis
1324 2027 1446 2071 fuerit,
1472 2041 1573 2076 quam
1589 2030 1767 2063 civitatem

102 2084 162 2108 aut
181 2072 320 2117 urbem,
349 2074 470 2109 censet.
505 2075 603 2120 Quid
619 2075 632 2109 ?
658 2074 700 2110 de
717 2075 891 2110 fertilitate
904 2074 965 2108 soli
982 2074 1103 2123 Assyrii
1120 2087 1197 2121 quae
1214 2086 1323 2111 narrat
1341 2100 1352 2121 ,
1378 2089 1419 2112 an
1436 2089 1497 2111 nos
1513 2078 1651 2112 credere
1668 2086 1766 2124 pote-2

100 2124 204 2157 rimus
218 2121 261 2157 de
276 2123 395 2158 nostris
412 2123 519 2159 arvis?
544 2124 629 2168 Qio
645 2132 759 2159 tamen
775 2124 854 2159 loco
872 2123 939 2172 ipse
955 2124 1158 2172 ignorantiae
1173 2125 1447 2161 incredulitatem
1465 2126 1635 2161 refutavit.
1671 2126 1715 2161 iic
1732 2137 1767 2160 c-

99 2173 172 2207 nim
188 2171 235 2206 ait
260 2174 317 2216 (In
337 2175 425 2216 Clio,
437 2185 462 2206 c.
487 2177 573 2218 193)
600 2174 652 2206 Ita
669 2172 820 2218 benefcrt
840 2186 876 2205 ea
901 2185 987 2206 terra
1001 2173 1113 2220 fruges
1135 2184 1172 2206 ut
1189 2186 1351 2219 nunquam
1370 2188 1426 2208 non
1443 2175 1558 2208 reddas
1575 2176 1717 2208 ducena.-
1735 2175 1766 2217 st

99 2233 210 2255 autem
226 2234 324 2266 quam
338 2221 434 2267 potest
465 2225 578 2268 optime
606 2223 716 2255 tulerit
734 2246 745 2264 ,
772 2221 880 2255 reddit
906 2233 1043 2256 trecena.
1079 2224 1165 2254 folia
1192 2226 1296 2256 tritici
1316 2234 1361 2259 (φ’
1380 2224 1488 2257 hordei
1506 2226 1574 2257 lata
1593 2226 1765 2267 nascuntur

99 2270 213 2318 digitis
227 2271 397 2304 commodis
413 2282 561 2317 quatuor.
589 2273 637 2304 At
655 2273 740 2304 milii
759 2272 797 2307 ω’*
809 2272 924 2316 sesami
937 2283 1035 2316 quam
1051 2282 1179 2317 procera
1198 2271 1325 2306 arbores
1340 2285 1476 2316 excaut,
1501 2275 1680 2319 inscientia
1699 2286 1768 2307 cer*

99 2330 135 2354 ta
156 2332 213 2353 non
230 2321 417 2355 memorabo.
441 2322 588 2366 Intelligo
603 2323 686 2354 enim
705 2347 713 2360 ‚
740 2333 788 2353 eos
811 2323 867 2365 qui
882 2324 914 2353 in
931 2332 1052 2368 regtone
1074 2320 1311 2367 Babyloniorum
1329 2335 1384 2355 non
1398 2323 1495 2368 fuere
1510 2348 1521 2364 ‚
1548 2325 1680 2356 minime
1697 2335 1767 2356 cre-

100 2369 223 2402 dituros
237 2371 292 2402 vel
306 2382 344 2402 ea
359 2383 421 2414 quae
438 2369 477 2401 de
488 2369 645 2417 frugibus
661 2368 750 2402 modo
769 2368 925 2404 dtxcmus.
968 2370 1055 2404 Sunt
1070 2379 1185 2404 autern
1203 2370 1279 2405 haec
1296 2372 1398 2406 etiam
1416 2371 1661 2419 distinguenda⁴
1689 2373 1766 2406 Alia

101 2418 192 2451 enim
207 2418 249 2452 ad
265 2418 448 2453 utilitatem
465 2419 609 2466 aliquam
625 2418 813 2467 legentium
831 2443 843 2462 ,
867 2418 920 2453 vel
937 2418 1201 2466 explicationem
1216 2432 1335 2455 eorum
1352 2421 1393 2456 de
1411 2420 1532 2468 quibus
1549 2421 1696 2456 narratio
1712 2420 1767 2463 fit,

102 2465 295 2501 referuntur
303 2477 403 2514 atque
412 2469 650 2515 pertinenttut
662 2467 843 2514 Babylonis
859 2466 1158 2513 descriptiooelm,
1174 2481 1201 2502 c.
1225 2469 1300 2511 178.
1321 2472 1358 2506 ὠ·
1371 2469 1420 2513 sI)
1432 2470 1465 2503 ὃ(
1482 2470 1658 2516 copiarum
1678 2470 1767 2504 Xer-

104 2515 155 2549 xis
170 2517 380 2550 enumeratio
400 2519 576 2562 (Polymnia
589 2531 633 2559 ‚c.
647 2522 705 2551 61.
723 2517 802 2561 effi)
819 2516 860 2550 de
875 2528 1020 2563 quorum
1037 2517 1145 2552 altero
1161 2517 1259 2552 facile
1274 2519 1538 2566 perspiceretur,
1549 2519 1672 2552 merito
1688 2517 1767 2552 fuis-

102 2564 133 2598 se
148 2563 280 2597 securos
294 2565 383 2598 cives
399 2566 433 2599 in
450 2565 508 2599 tali
524 2565 615 2601 &ita
632 2567 763 2601 munita
778 2565 879 2600 urbe:
907 2566 1094 2600 alterum&
1104 2568 1293 2615 potentiam
1309 2568 1405 2615 regni
1418 2566 1554 2601 Asiatici
1565 2566 1663 2610 ,&in
1674 2568 1767 2615 quod

102 2623 178 2648 tum
194 2612 384 2659 periculum
405 2614 542 2649 Graecia
557 2617 688 2651 venerit
704 2641 715 2660 ,
741 2614 958 2650 demonstrat.
990 2615 1191 2663 Utrumque
1204 2626 1316 2651 autem
1332 2617 1579 2652 documentum
1596 2616 1768 2663 quoddam

104 2662 161 2697 dat
173 2686 184 2705 ,
210 2661 316 2696 nullas
331 2687 342 2705 ‚
367 2664 518 2710 quamvis
535 2675 671 2713 magnas
687 2691 699 2709 ,
725 2665 811 2700 vires
825 2689 836 2708 ,
859 2663 1031 2709 infimitas,
1056 2677 1167 2713 neque
1182 2678 1264 2713 opes
1279 2666 1417 2701 invifitas
1431 2665 1504 2700 css'e.
1540 2666 1581 2700 In
1595 2666 1665 2699 aliis
1681 2666 1768 2701 nihil

103 2711 359 2759 quaei·itur,nifi
374 2712 429 2746 vel
443 2711 705 2758 dele&ano,vel
722 2724 760 2749 ut
775 2713 984 2748 audientium
1010 2716 1113 2749 animi
1134 2726 1338 2751 moveantur
1360 2727 1449 2750 nova
1464 2713 1677 2762 mirabilique
1693 2727 1769 2750 nar*

103 2760 252 2795 ratione:
279 2770 317 2794 ut
334 2760 375 2795 de
390 2761 580 2810 gryphibus
596 2767 761 2809 (Euterpe.
779 2766 857 2809 73.)
874 2762 1026 2797 formicis
1038 2763 1166 2798 Indicis
1187 2764 1328 2807 (Thalna
1345 2778 1380 2807 c,
1396 2776 1471 2798 102.
1482 2766 1519 2800 ὠ·
1544 2765 1642 2805 116.)
1659 2764 1767 2799 Phoe-

104 2810 180 2844 nice
195 2810 366 2854 (Melpum.
383 2824 409 2843 c.
424 2823 460 2855 13
486 2811 498 2852 )
523 2811 559 2846 ὃς
577 2811 627 2846 his
644 2811 816 2847 similibus.
843 2813 1002 2856 Horum,
1026 2821 1065 2846 ut
1080 2811 1136 2846 illa
1158 2814 1253 2847 omni
1267 2813 1425 2861 equidem
1443 2812 1609 2847 mendacii
1625 2813 1767 2848 crimine

104 2857 203 2905 plane
223 2857 351 2903 libero,
377 2860 422 2894 ita
440 2860 528 2895 haud
545 2861 642 2896 facile
659 2861 872 2904 concessero,
896 2861 930 2895 in
947 2861 1070 2895 horum
1088 2861 1157 2895 ullo
1175 2861 1342 2896 mendacii
1360 2863 1526 2897 manifesti
1542 2872 1697 2897 autorem
1715 2875 1767 2897 re-

104 2906 336 2955 darguendum
354 2908 436 2943 effe:
463 2922 570 2956 quum
587 2920 640 2945 tot
654 2911 757 2946 derisa
773 2909 943 2958 quondam
964 2911 998 2945 δί
1015 2909 1174 2945 exibilata
1188 2936 1200 2955 ,
1227 2923 1325 2958 paene
1335 2913 1405 2960 jam
1424 2921 1600 2959 comperta
1615 2911 1679 2946 effe
1695 2912 1767 2946 exi-

108 2954 310 2991 stimentur:
338 2969 512 3005 quumque
536 2971 605 2993 non
628 2960 738 2995 minus
762 2961 830 2994 istis
846 2958 864 2993 si
878 2960 1020 2994 veritate
1042 2958 1258 2994 abhorrentia
1282 2960 1388 2995 multa
1411 2961 1636 2996 asseverentur
1651 2961 1693 2996 ab
1708 2961 1766 2997 iis-

107 3003 166 3048 qui
181 3017 251 3039 non
266 3006 426 3051 audivisse
443 3007 484 3042 de
501 3008 593 3052 aliis,
618 3007 671 3043 sed
687 3008 807 3057 seipsos
821 3007 977 3056 aspexisse
993 3008 1169 3044 diffitent:
1197 3018 1235 3044 ut
1251 3009 1336 3044 nihil
1352 3018 1421 3044 tam
1440 3010 1481 3046 fit
1496 3008 1674 3045 absurdum
1686 3009 1766 3057 quin

106 3050 211 3086 fidem
228 3055 374 3101 reperire
390 3056 482 3103 poss‘e
497 3058 660 3092 videatur.
688 3058 754 3093 Sed
769 3058 810 3092 ab
826 3058 876 3092 his
890 3057 1095 3092 recedamus.

156 3099 218 3136 Ob
234 3101 393 3139 fabulosas
409 3106 546 3153 quidem
563 3107 824 3143 narratiunculas
850 3116 983 3143 tantum
1008 3106 1099 3143 abest
1119 3116 1158 3144 ut
1186 3106 1277 3158 quasi
1294 3107 1493 3144 mendaeem
1509 3105 1621 3143 incesti
1635 3106 1771 3158 vitupe-

1691 3165 1770 3187 rafl-
