2112 3621
400 227 491 269 Ex
547 229 604 269 H.
659 224 1042 265 STEPHANI
1099 228 1525 271 PROLEGOM.
1719 245 1795 286 741

134 293 295 338 terval‘lO,
323 301 461 340 cap.61.
490 300 521 331 ἐν
539 297 558 341 {3¹
577 297 680 333 Basse)
698 291 769 327 πόλι
788 295 824 328 αἶς
840 291 970 337 α’νοίγεζι
987 298 1025 338 τῇ
1041 293 1090 327 Ι”σι
1108 295 1162 329 qiu>
1178 296 1264 342 ὁξτίυ)
1280 322 1291 340 ,
1317 299 1397 343 ei‘enff)
1424 297 1572 343 »grey'rfieov
1588 302 1650 344 μοι’.
1675 299 1798 344 τόπἾωῂ

135 347 166 389 93
184 343 307 388 3344,AE
326 343 379 379 viu}
396 346 508 381 θυσίῑω
528 343 628 377 πάθες
646 340 668 376 ᾧ
683 347 778 376 ,aram
793 366 803 384 ‚
828 357 895 386 μυρ.
945 341 1033 375 Sunt
1050 355 1133 376 vero
1160 343 1193 377 ἃ
1220 345 1276 379 alii
1294 347 1362 380 loci
1378 346 1499 392 quibus
1513 348 1600 382 male
1615 347 1743 384 affectis
1756 363 1800 385 ex

132 392 203 439 ipso
219 392 404 426 Herodoto
420 392 623 426 medicinam
638 389 790 425 adhibui.
841 389 907 424 Sed
933 388 1093 435 superesse
1120 391 1229 426 fateor
1254 395 1310 439 qui
1339 395 1479 429 eandem
1495 394 1514 429 a
1534 408 1589 431 me
1603 408 1659 432 aut
1673 399 1714 433 ab
1732 400 1798 434 alio

132 441 292 488 quopiam
307 452 409 487 opem
424 439 631 487 exspectent.
682 440 803 473 Parum
820 448 933 473 autem
950 437 1060 473 abfuit
1077 441 1157 486 quin
1179 441 1213 475 ὅ(
1233 443 1334 476 alium
1351 443 1520 490 quendam
1541 446 1720 481 emendare
1735 451 1800 482 mi—

131 489 167 524 hi
181 488 406 536 permiserim:
434 489 528 523 sumn
544 488 591 523 illi
610 487 817 522 vocabulum
829 511 840 530 ‚
866 487 1044 533 antiquum
1061 499 1153 522 certe
1166 513 1177 532 ,
1204 489 1239 523 ἃ
1254 491 1442 525 multorum
1460 492 1593 527 auribus
1607 516 1619 536 ,
1645 497 1747 531 ctiam
1764 500 1800 532 jn

133 537 261 573 Graeca
280 538 395 585 lingua
416 538 512 572 valde
528 538 793 572 exercitatorum
810 560 821 578 ,
848 534 990 569 insolens
1010 534 1163 571 futurum
1180 563 1191 581 ,
1218 538 1437 574 restituendo.
1464 540 1496 573 id
1515 552 1628 575 autem
1646 544 1695 577 est
1715 551 1800 580 02720,

132 586 259 632 yuo'Cax.
286 587 368 621 Nec
383 586 506 621 dubito
529 588 611 634 quin
628 611 638 629 ‚
666 584 689 619 fi
712 583 754 619 de
772 585 835 618 hac
855 583 1119 628 emendatione,
1147 596 1306 633 tanquam
1328 599 1370 621 ex
1391 589 1495 622 nimia
1516 589 1642 625 fiducia
1660 596 1801 640 profici-

129 635 262 680 scente,
288 634 459 670 accusatus
471 635 602 670 fuifl'em
614 659 625 678 ,
652 632 758 668 causae
773 644 860 666 meae
877 632 1106 679 patrocinium
1124 634 1319 683 Hesychius
1330 635 1530 682 suscepisset.
1559 639 1625 673 Sed
1654 650 1711 685 (ut
1725 646 1802 692 opi..

131 686 215 725 nor)
241 697 305 719 nec
322 685 554 731 Hippocrates
568 684 652 726 Ion,
678 694 783 728 quum
798 693 853 715 me
868 681 1024 729 scriptori
1042 681 1118 716 Ioni
1135 696 1272 730 operam
1290 684 1504 731 praestantem
1519 687 1670 735 vidisset,
1697 705 1800 740 opem

130 733 272 768 vicissim
288 733 446 780 praestare
462 733 546 766 mihi
562 731 757 766 recusasset:
785 729 970 777 praesertim
986 742 1092 777 quum
1107 733 1227 767 eodem
1243 733 1278 767 δε
1295 732 1363 780 ipse
1376 733 1545 769 vocabulo
1561 748 1693 785 utatur,
1719 755 1802 789 pau-

130 781 166 816 lo
179 782 318 829 quidem
333 781 441 816 alium.
453 780 506 815 sed
522 790 636 815 tamen
656 792 724 815 non
739 779 885 814 alienum
907 779 949 814 ab
970 792 1012 813 eo
1031 792 1132 827 quem
1155 782 1244 827 apud
1262 782 1483 817 Herodotum
1505 782 1671 823 habuisset
1684 815 1695 834 ‚
1722 791 1803 827 dans

132 831 163 864 ei
178 831 284 865 usum.
334 829 388 865 Ut
402 840 555 874 taceam,
583 842 651 863 non
670 827 820 863 absimile
837 841 918 862 vero
932 828 1017 873 effe,
1043 838 1228 877 utrumque
1246 830 1287 865 ab
1303 831 1384 875 illo,
1411 832 1630 879 Hippocrate
1643 838 1801 886 inquam,

131 878 250 914 datum
269 880 300 914 ei
315 877 410 914 usum
429 878 535 913 fuisse.
586 878 645 913 Est
662 890 743 913 vero
760 877 795 911 &
811 877 893 912 alius
911 877 1048 924 quidam
1065 878 1169 913 nostri
1193 879 1347 914 historici
1370 880 1467 915 locus
1484 907 1495 925 ,
1522 885 1580 929 qui
1594 886 1801 924 vocabulum

131 928 304 975 quoddam
319 940 388 962 non
403 928 513 962 minus
530 927 740 975 Hippocrati
755 938 855 973 quam
871 927 1030 961 Homero
1046 926 1205 962 usitatum
1233 930 1403 976 requirere
1417 930 1555 966 videtui:
1570 946 1578 967 :
1605 945 1643 969 ut
1669 937 1704 971 in
1721 940 1804 973 meis

130 976 408 1013 annotationibus
433 977 519 1021 (deo
534 976 687 1016 favente)
714 974 904 1010 declarabo,
954 975 1069 1010 Immo
1094 977 1174 1023 quid
1202 977 1312 1013 obstat
1325 980 1507 1026 quominus
1518 982 1588 1027 jam
1606 996 1697 1020 nunc
1710 986 1803 1022 illam

130 1024 246 1061 saltem
262 1026 340 1060 libri
356 1025 444 1060 illius
458 1025 712 1073 portiunculam
739 1031 814 1069 (aut
829 1023 937 1071 siquid
952 1025 1171 1071 portiuncula
1185 1027 1295 1061 minus
1310 1027 1379 1062 dici
1397 1028 1529 1075 potest)
1547 1033 1802 1079 repraesentem?

133 1075 231 1109 Scito
245 1075 352 1121 igitur
365 1074 420 1122 agi
437 1074 479 1109 de
493 1075 561 1109 hoc
575 1074 655 1108 loco
668 1099 679 1117 ,
707 1085 809 1120 quem
824 1074 925 1107 habes
938 1073 996 1108 lib.
1012 1085 1050 1117 11,
1064 1086 1138 1122 cap.
1152 1087 1212 1120 47.
1240 1082 1264 1108 οἱ
1283 1076 1300 1120 5⁸
1318 1078 1425 1114 πένη7ε;
1441 1081 1541 1112 αὐτῶν
1558 1103 1568 1122 ,
1595 1084 1643 1116 u‘7r'
1657 1086 1803 1123 οἱοθενειής

134 1126 188 1164 βίῃ
207 1123 327 1161 saalim
347 1122 508 1159 πλάσευκῖες
523 1122 574 1166 ὗς,
601 1127 624 1172 a}
643 1122 806 1162 ὀπἹῆσαΛἹες
822 1121 953 1165 ταύτας,
980 1124 1081 1168 θύεζι.
1118 1124 1212 1158 Nam
1231 1137 1336 1171 quum
1360 1127 1394 1159 in
1409 1126 1531 1161 Aldina
1550 1129 1608 1164 ista
1622 1133 1749 1178 pariter
1766 1135 1803 1171 St,

132 1171 305 1207 Bafiljenfi
329 1172 481 1206 editione
503 1172 684 1207 habeamus
699 1196 710 1215 ,
737 1173 786 1204 ὁπ’
801 1170 945 1209 ἀσθενείης
960 1171 1031 1212 fios}
1046 1186 1078 1205 τε
1096 1172 1177 1207 ‘mdc
1194 1174 1360 1209 πλοίσεωῖἶες
1376 1173 1407 1209 ὗς
1423 1200 1434 1216 ,
1461 1176 1541 1222 quid
1560 1189 1651 1214 vetat
1667 1184 1803 1227 quomi-

133 1233 195 1255 nus
208 1221 282 1268 quis
300 1233 362 1268 pro
376 1233 463 1255 voce
479 1223 546 1263 βιὲς
562 1219 776 1255 scribendum
794 1219 886 1259 βοιωές
900 1218 1084 1267 suspicetur
1099 1220 1112 1254 ?
1145 1221 1272 1255 Saltem
1290 1221 1308 1255 ὲ
1329 1222 1493 1269 scriptura
1513 1236 1578 1271 qua
1599 1227 1685 1263 nihil
1699 1229 1803 1278 figni-

132 1268 228 1303 ficari
237 1268 367 1316 potest,
393 1269 491 1304 aliam
502 1282 578 1317 quae
595 1281 664 1303 non
677 1268 940 1303 incommodum
957 1267 1084 1303 sensum
1101 1269 1242 1314 habeat,
1269 1270 1396 1306 efficiet
1412 1287 1418 1308 :
1446 1272 1548 1320 idque
1564 1277 1707 1312 minima
1721 1291 1802 1314 cum

130 1318 334 1355 mutatione.
360 1316 484 1352 Talem
498 1328 612 1353 autem
628 1317 874 1362 mutationem,
901 1316 934 1352 id
953 1317 1000 1352 est
1014 1318 1192 1353 minimam
1208 1318 1274 1354 sive
1289 1320 1508 1366 levissimam,
1529 1335 1633 1370 quum
1652 1326 1804 1362 sufficere

131 1366 173 1400 ad
187 1365 400 1414 quorundam
419 1366 577 1402 locorum
594 1367 869 1402 emendationem
883 1366 1035 1401 viderem
1048 1391 1060 1410 ,
1087 1379 1150 1414 pro
1170 1368 1328 1415 religioso
1350 1369 1594 1417 superstitiosus
1614 1375 1677 1409 esse
1698 1377 1804 1411 nolui.

131 1416 250 1463 Atque
264 1415 345 1449 hinc
363 1414 491 1450 factum
508 1416 556 1451 est
571 1426 608 1451 ut
630 1416 665 1450 in
684 1416 747 1450 hac
764 1414 951 1462 posteriore
973 1415 1125 1450 editione
1152 1420 1162 1453 (
1171 1416 1240 1451 hoc
1256 1420 1416 1464 exemplo
1433 1430 1617 1456 contentus
1634 1425 1712 1465 ero)
1739 1439 1803 1472 pro

130 1466 270 1509 οἰπᾴπέζζι
284 1462 428 1499 scribere
444 1467 574 1510 οὶπιπῖεζι
591 1477 661 1498 non
682 1464 911 1498 dubitaverim
928 1488 939 1507 ,
965 1463 1024 1498 lib.
1043 1476 1083 1507 Η,
1111 1477 1185 1512 cap.
1203 1477 1262 1510 94.
1289 1477 1395 1512 quum
1415 1468 1632 1504 manifestum
1660 1472 1700 1507 fit
1727 1477 1803 1509 α’πι-

132 1518 212 1550 ποιιῦ
239 1512 303 1547 esse
330 1513 422 1559 quod
435 1512 653 1547 Dioscorides
668 1515 794 1554 ὲξιποωῑῖ
807 1512 901 1546 dicit.
930 1511 1110 1559 Adscripta
1132 1523 1247 1547 autem
1265 1517 1410 1561 margini
1430 1516 1532 1551 leffio
1550 1521 1698 1565 οἱπᾴτὲζι,
1725 1534 1802 1568 quae

139 1562 228 1597 nihil
247 1561 358 1610 potest
374 1561 584 1609 significare,
612 1561 686 1595 fieri
701 1560 813 1607 potest
827 1570 864 1594 ut
878 1572 919 1594 ex
935 1560 998 1595 alia
1013 1563 1155 1596 manarit
1168 1585 1180 1604 ,
1206 1562 1277 1596 aliis
1298 1562 1419 1599 litteris
1438 1566 1581 1614 scripta,
1595 1566 1648 1603 sed
1659 1571 1801 1606 eandem

131 1622 248 1647 tamen
263 1611 584 1658 pronunciationem
613 1613 672 1653 (ut
688 1608 889 1656 jampridem
905 1609 1025 1644 litteris
1038 1609 1175 1644 diversis
1191 1610 1308 1646 eadem
1326 1616 1566 1659 pronunciatio
1580 1615 1650 1652 dari
1671 1620 1803 1666 coepit)

132 1659 350 1695 habente:ac
363 1658 500 1694 audiens
520 1658 639 1705 aliquis
658 1657 800 1693 verbum
825 1659 955 1704 ἀπηθὲζζι
982 1657 1093 1706 (quod
1110 1658 1175 1693 esse
1195 1669 1330 1708 poterat
1351 1663 1521 1710 expositio
1542 1665 1631 1700 illius
1649 1670 1802 1715 άπιπξζι)

132 1721 204 1744 non
223 1707 283 1743 illo
295 1706 400 1741 modo
417 1706 604 1755 scripserit,
629 1706 683 1741 sed
698 1707 767 1741 hoc
778 1731 789 1751 ,
814 1709 955 1752 dmi-rifi.

176 1758 252 1803 Jam
266 1768 349 1791 vero
363 1755 398 1789 &
414 1756 599 1791 commoda
620 1755 832 1803 quorundam
853 1757 1010 1791 locorum
1027 1756 1304 1805 interpunctione
1327 1761 1436 1809 magis
1455 1762 1556 1798 etiam
1580 1776 1680 1810 quam
1703 1777 1801 1802 antea

131 1806 316 1842 leftoribus
332 1805 583 1849 commodasse,
610 1805 645 1840 ὃς
665 1804 779 1839 labore
792 1805 867 1840 illos
879 1805 1017 1849 levasse,
1043 1817 1085 1840 ex
1100 1806 1167 1854 ipsa
1182 1807 1366 1843 collatione
1377 1811 1566 1857 apparebit.
1594 1813 1733 1849 Alicubi
1750 1826 1801 1850 ta-

132 1869 214 1895 men
234 1866 354 1890 eorum
373 1853 563 1902 diligentia:
591 1854 658 1888 hoc
681 1853 824 1900 reliqui,
852 1863 891 1888 ut
910 1867 1011 1901 quam
1034 1855 1348 1904 interpunctionem
1366 1859 1400 1892 in
1416 1863 1638 1897 annotatione
1654 1866 1801 1912 margini

132 1904 300 1951 adscripta
313 1902 470 1950 sequutus
485 1903 606 1947 essem,
632 1914 705 1937 earn
723 1902 757 1936 in
773 1902 851 1950 ipsis
866 1903 1039 1939 Herodoti
1054 1904 1166 1940 verbis
1192 1904 1274 1950 (nisi
1291 1905 1381 1941 forte
1397 1905 1415 1941 a
1430 1920 1485 1943 me
1498 1909 1727 1952 dissentirent)
1753 1913 1800 1947 se-

132 1962 328 2001 querentur.
356 1954 409 1987 Ac
427 1951 527 1997 hujus
541 1952 642 1986 etiam
657 1953 704 1986 rei
719 1952 916 1999 exemplum
930 1951 1088 2000 suggeret
1107 1954 1163 1988 illa
1184 1953 1253 2001 ipsa
1265 1967 1342 2003 quae
1356 1957 1461 1991 modo
1476 1959 1648 2006 proposita
1661 1961 1727 1996 fuit
1742 1974 1799 2009 pa—

131 2003 224 2049 gina.
252 2002 293 2036 In
308 2000 425 2035 eadem
440 1996 667 2045 enim,lib.11,
683 2011 780 2046 c.95.
795 2001 940 2049 legitur,
966 2003 1025 2035 τία)
1043 2004 1076 2035 δὲ
1095 2000 1178 2043 msa&
1199 2006 1281 2050 αὐτῷ
1296 2009 1413 2050 χρῖσαι.
1439 2010 1469 2040 <241
1489 2011 1528 2053 τῇ
1542 2010 1724 2046 dvanm‘ilus
1741 2017 1800 2045 ms.

132 2061 187 2096 τῃ·
216 2051 282 2086 a&
297 2049 413 2085 ταότίω
431 2050 505 2094 ἵςηζι
522 2051 553 2084 τὸ
571 2051 786 2095 οἱμφίέληςρον
798 2061 805 2068 ·
833 2049 886 2084 sed
901 2061 1014 2085 tamen
1028 2049 1197 2098 sequendo
1211 2064 1249 2086 ea
1268 2065 1344 2101 quae
1360 2055 1506 2102 margini
1523 2056 1699 2105 adscripsi,
1726 2060 1800 2106 post

131 2102 252 2145 χςξιτοα
267 2098 424 2146 ponenda
437 2098 485 2133 est
497 2097 602 2133 τελεία
618 2100 713 2144 styps?
724 2123 734 2141 ,
760 2108 794 2133 at
810 2098 884 2144 post
897 2103 979 2146 κοίτῃ
990 2123 1001 2142 ,
1027 2108 1160 2135 tanturn
1182 2101 1365 2148 ιὲωτςιγμῆ.
1390 2103 1515 2139 Fateor
1533 2105 1671 2141 interim
1690 2120 1745 2143 me
1761 2108 1799 2142 si-

129 2148 203 2183 mul
215 2149 318 2184 etiam
334 2157 546 2183 mutaturum
565 2146 711 2183 libenter
723 2150 805 2193 αὐτῷ
818 2149 853 2182 in
866 2147 936 2182 ἔτω.

875 2254 973 2287 Paulo
983 2250 1058 2297 post.

178 2339 233 2375 Ad
247 2352 304 2376 eos
317 2350 431 2376 autern
448 2349 486 2375 ut
499 2341 633 2375 veniam
645 2365 656 2384 ,
683 2339 806 2386 quibus
820 2350 940 2375 contra
956 2339 1024 2375 fine
1038 2341 1169 2376 cortice
1182 2353 1295 2379 natare
1313 2344 1347 2379 in
1366 2344 1573 2381 Graecorurn
1590 2346 1797 2395 scriptorum

130 2389 277 2424 leetione
290 2389 338 2424 est
351 2400 511 2436 negatum
524 2415 535 2434 ,
562 2402 618 2424 eos
632 2391 689 2436 qui
705 2388 772 2423 fine
788 2388 925 2423 Theseo
942 2387 960 2423 e
974 2390 1089 2425 multis
1105 2391 1240 2427 illorum
1265 2394 1348 2428 locis
1365 2406 1540 2441 emergere
1554 2408 1623 2430 non
1640 2397 1796 2444 possunt,

129 2450 188 2472 eos
204 2439 261 2484 qui
275 2437 365 2474 duce
381 2438 441 2473 filo
457 2463 467 2481 ,
493 2449 532 2474 ut
550 2440 585 2473 in
598 2438 711 2485 aliquo
727 2437 923 2485 labyrintho
939 2463 951 2482 ,
974 2437 1030 2474 sua
1050 2452 1177 2488 ponere
1195 2442 1337 2489 vestigia
1357 2444 1488 2478 necesse
1506 2444 1633 2479 habent
1648 2459 1655 2480 :
1683 2447 1795 2481 multo

130 2486 206 2534 plus
219 2485 255 2520 ὃ(
271 2486 332 2534 ipsi
352 2488 434 2521 huic
450 2487 619 2530 editioni,
645 2498 745 2534 quam
771 2487 903 2534 priori,
928 2487 959 2522 se
978 2487 1126 2533 debere,
1153 2492 1278 2525 merito
1300 2490 1522 2527 fatebuntur:
1549 2505 1655 2540 quum
1681 2506 1737 2528 me
1759 2497 1796 2531 in

130 2535 242 2570 multo
257 2535 408 2582 pluribus
429 2535 512 2570 locis
528 2537 844 2583 interpretationem
862 2536 972 2571 Vallae
988 2539 1175 2574 emendasse
1191 2565 1203 2583 ,
1229 2541 1264 2574 in
1285 2539 1483 2586 quibusdam
1505 2541 1541 2576 in
1559 2541 1722 2589 meipsum
1743 2555 1796 2579 et-

128 2584 196 2618 iam
207 2609 218 2628 ,
245 2583 285 2618 ad
302 2583 576 2619 emendationem
593 2584 684 2632 quod
702 2586 842 2629 attinet,
867 2584 1071 2632 inquisivisse
1086 2588 1368 2625 animadvertent.
1394 2589 1477 2624 Hoc
1493 2591 1584 2625 enim
1602 2591 1646 2626 dc
1658 2591 1795 2638 quibus-

128 2632 206 2670 dam
222 2632 306 2667 locis
322 2633 414 2679 posse
431 2633 516 2667 mihi
530 2633 651 2668 videor
666 2633 779 2668 dicere
793 2660 804 2678 ,
831 2633 892 2668 ubi
907 2646 983 2681 quae
1005 2647 1060 2670 me
1077 2648 1146 2671 non
1164 2636 1238 2672 satis
1255 2648 1329 2672 tum
1344 2640 1510 2686 temporis
1526 2639 1701 2675 oculatum
1718 2640 1794 2677 sub-

128 2680 360 2729 terfugerant,
387 2680 406 2715 a
422 2693 477 2716 me
493 2694 603 2726 nunc,
628 2695 692 2717 ceu
711 2682 803 2717 fafto
820 2682 1007 2717 oculatiore
1023 2708 1034 2726 ,
1060 2683 1264 2732 deprehensa
1279 2686 1428 2722 fuerunt.
1455 2689 1513 2723 De
1527 2688 1611 2723 locis
1623 2698 1737 2724 tamen
1753 2691 1794 2727 iis

127 2742 198 2766 non
221 2733 286 2776 jam
307 2730 429 2777 loquor
444 2755 456 2774 ,
482 2729 540 2765 ubi
560 2731 640 2766 tales
652 2741 748 2766 erant
763 2730 929 2766 commiffi
945 2743 1073 2766 errores
1085 2734 1198 2779 quales
1217 2735 1251 2770 in
1264 2737 1444 2771 nominum
1458 2737 1671 2784 quorundam
1688 2739 1793 2775 inter-

127 2779 320 2826 pretatione
336 2792 342 2813 :
371 2779 429 2826 qui
446 2780 607 2814 nimirum
621 2779 695 2815 sunt
717 2792 837 2816 eorum
856 2779 876 2814 e
894 2792 1019 2828 genere
1035 2793 1120 2827 quos
1134 2781 1366 2830 μεζεὶμαςφωἹιὲς
1383 2784 1451 2819 sive
1464 2784 1719 2832 μεῖᾱμοςφωῖικὲς
1734 2801 1792 2835 ap-

127 2827 253 2875 pellare
274 2827 364 2863 soleo
380 2852 392 2872 ,
418 2827 512 2875 quod
530 2828 819 2877 metamorphoses
835 2855 847 2874 ,
873 2829 909 2864 &
929 2830 1029 2864 miras
1044 2830 1181 2876 quidem
1204 2843 1257 2866 eas
1274 2857 1286 2875 ,
1313 2834 1349 2867 in
1367 2833 1564 2880 quibusdam
1585 2834 1790 2883 scriptorum

128 2876 334 2911 Graecorum
352 2876 436 2911 locis
454 2877 714 2924 interpretandis
727 2878 864 2913 facizmt.
900 2879 1014 2926 Atque
1030 2878 1155 2913 horum
1165 2878 1189 2913 e
1205 2892 1349 2915 numero
1364 2877 1449 2916 111qu
1463 2883 1511 2917 est
1525 2883 1582 2918 ubi
1600 2895 1726 2919 nomen
1739 2886 1792 2924 ἕσ-

127 2938 223 2967 σονες,
250 2925 342 2973 quod
355 2924 450 2960 sonat
467 2926 648 2970 inferiores,
674 2926 728 2962 seu
744 2925 873 2961 viribus
890 2929 994 2960 minus
1014 2928 1155 2961 valentes
1169 2952 1181 2972 ,
1207 2939 1376 2965 mutatum
1401 2930 1467 2966 fuit
1488 2931 1529 2967 ab
1549 2933 1734 2980 interprete
1754 2936 1789 2969 in

128 2983 253 3008 nomen
267 2973 386 3021 populi
403 2975 563 3009 omnibus
575 2976 800 3023 geographis,
828 2975 985 3010 omnibus
1002 2974 1170 3011 historicis
1182 2979 1372 3037 incogniti:
1399 2992 1504 3025 quum
1519 2981 1546 3015 is
1557 2982 1599 3016 ab
1613 2981 1672 3015 illo
1685 2994 1788 3017 voce·

128 3027 184 3054 tur
200 3023 352 3065 Heffimes.
377 3023 495 3058 Locus
507 3024 563 3058 ille
576 3022 625 3058 est
637 3024 673 3059 in
690 3025 889 3072 Polymnia,
915 3036 946 3058 c.
968 3023 1022 3059 18.
1048 3026 1114 3060 hlaiv
1131 3040 1164 3060 τε
1181 3036 1276 3061 πωπω
1296 3027 1317 3063 (ὲ
1333 3029 1469 3073 μεγάλοι
1488 3028 1608 3071 vedu&
1624 3029 1789 3076 πρήγμαὲἱ

126 3068 199 3105 (aar)
213 3069 336 3108 ἡσσόνων.
362 3071 423 3108 ubi
437 3072 515 3108 vide
529 3084 606 3120 quae
621 3073 767 3120 margini
782 3073 949 3122 adscripta
965 3072 1052 3109 sunt.
1085 3075 1139 3109 Ac
1155 3076 1277 3111 eodem
1297 3076 1403 3111 modo
1422 3078 1500 3113 eod.
1514 3078 1574 3113 lib.
1592 3090 1623 3112 c.
1641 3089 1699 3123 93.
1724 3091 1788 3112 no-

1262 3125 1290 3158 A
1302 3137 1342 3160 aa
1350 3138 1367 3159 a
1377 3137 1394 3159 a
1426 3136 1438 3168 ς
1707 3138 1787 3163 men
