2112 3621
304 226 384 269 826
589 225 613 280 J
642 224 677 266 A
708 223 758 264 e.

357 290 471 337 38‚z3.
482 287 581 324 H⁴aluss
590 290 672 337 Kv'gs
684 294 761 336 λὲγᾷ
770 290 912 337 οἰρχίιυ“.]
927 291 1005 325 MS.
1015 294 1115 336 λέγω.

358 338 415 386 38,
434 349 490 385 27.
521 341 603 374 οὐδὲ
621 344 692 374 rixo
709 340 909 387 noxam]
946 340 1116 374 Accurate

306 388 466 435 exprimo
484 412 496 432 9
523 388 615 435 quod
642 389 677 422 in
693 389 829 436 optimo
854 389 1039 436 exemplari
1056 401 1113 424 ex-

307 437 392 471 stare
409 435 478 471 vidi
499 462 511 481 ,
537 447 577 472 ut
594 436 720 472 scilicet
746 438 794 472 ita
819 450 909 472 nunc
927 438 1115 486 legeretur,

307 497 377 520 non
404 488 561 521 σιωέλοιξε
579 511 591 530 ,
617 486 709 534 quod
736 486 842 534 vulgo
869 487 903 521 in
930 487 1002 530 hac
1020 497 1115 535 parte

305 534 493 583 legebatur.
534 537 619 571 Duo
635 535 694 571 ista
711 535 812 570 verba
827 535 979 571 solertius
997 548 1040 571 ex
1058 549 1114 571 ve-

304 595 344 618 ro
369 583 628 633 distinguuntur
654 585 688 620 in
715 585 778 619 hac
808 584 966 620 lchonc.
1017 586 1112 620 Nam

302 633 397 682 prius
413 633 456 668 de
476 630 636 669 lolvendo
656 635 801 681 imperio
818 633 1002 682 exprobrat
1011 634 1112 669 Croe—

303 681 375 717 sum
392 694 456 717 nec
476 684 769 731 comprehendisse
786 695 848 718 nec
863 684 977 718 denuo
994 695 1114 731 rogare

306 731 474 774 voluiffe3
502 732 594 780 quod
613 742 796 780 utrumque
822 742 915 767 certe
940 733 986 767 ita
1002 733 1114 767 conti-

306 780 362 828 git
378 790 447 815 :at
463 781 626 829 posterius
641 782 684 817 de
699 781 793 816 mulo
817 794 859 816 ne
874 781 1012 829 quidem
1027 782 1113 816 tanti

305 830 493 876 putavisse,
520 840 558 865 ut
573 830 627 865 vel
647 832 754 866 menti
771 830 947 865 adhiberet
964 831 1114 865 veritatis

304 878 516 926 inquirendae
534 880 686 928 ergo,&
702 879 897 928 suspicando
914 879 1028 914 saltem
1046 878 1113 913 vel-

304 925 354 962 let
369 928 491 975 affequi
503 954 514 972 ,
541 930 613 976 quis
630 930 685 964 ille
703 929 812 964 mulus
829 929 870 963 ab
887 929 1027 963 oraculo
1043 938 1113 962 tam

304 986 402 1012 certo
417 977 597 1012 diceretur.
639 977 679 1012 Id
696 978 798 1012 etiarn
825 977 920 1024 supra
940 977 985 1012 fic
1003 988 1113 1011 narra-

301 1025 354 1059 vit
371 1025 490 1060 auctor
505 1051 516 1070 ‚
544 1035 582 1060 ut
608 1025 740 1072 prorsus
765 1026 938 1061 acciderit.
993 1026 1113 1073 Itaque

306 1073 445 1122 vulgata
459 1073 534 1109 sunt
550 1074 730 1110 maculosa.

361 1121 417 1168 38,
432 1133 485 1170 33.
522 1128 662 1171 Δεαποίνῃ
681 1129 718 1172 τῇ
737 1128 830 1160 {otu-ri}
851 1123 1021 1170 samosata]
1056 1122 1112 1158 Sic

307 1171 390 1206 MS.
409 1172 540 1207 Medic.
558 1185 628 1207 non
645 1173 777 1219 σννῴκεε.
798 1182 836 1207 ut
854 1185 887 1217 z,
908 1184 985 1218 140.
1022 1177 1113 1211 Νῆσον

310 1218 416 1264 χώσας
430 1224 512 1256 οἴκεε,
542 1222 727 1270 Singularis
743 1222 834 1256 enim
852 1234 932 1256 cura
943 1220 1115 1256 Herodoti

308 1269 345 1303 in
361 1280 549 1318 augmento
568 1271 646 1305 inde
662 1270 830 1319 pellendo.

360 1317 417 1364 38,
432 1330 483 1365 35.
512 1317 922 1367 Α’πήγγειλαμτῷκςοίσῳ]
942 1318 1116 1354 Articulus

308 1377 379 1401 non
396 1367 591 1416 agnoscitur
608 1368 626 1403 a
642 1370 723 1404 MS.

361 1415 417 1461 38,
432 1428 489 1462 44.
527 1420 566 1450 E'v
589 1417 607 1462 ’ἢ
624 1419 773 1458 περνηΐοις
789 1426 861 1452 τοῖσι
881 1421 911 1452 ἂν
929 1415 1115 1462 Ammon-tn]

308 1464 382 1499 Hic
407 1466 501 1499 locus
527 1464 602 1509 est,
628 1477 730 1511 quem
756 1466 868 1499 innuit
894 1465 991 1498 AEm.
1018 1466 1114 1498 Porti

307 1511 468 1547 Lexicon
494 1514 529 1547 in
555 1526 587 1548 v.
611 1514 744 1559 Hgovn‘iov
761 1538 772 1556 ‚
799 1526 860 1561 per
883 1513 976 1547 hunc
995 1524 1113 1547 nume-

308 1573 384 1595 rum
403 1571 461 1607 25,
481 1573 534 1608 14.
566 1561 598 1596 Is
614 1563 706 1596 enim
723 1575 765 1597 ex
781 1562 933 1597 editione
951 1562 1117 1609 Stephani

309 1610 344 1643 in
359 1612 518 1659 paginam
545 1611 633 1646 hanc
658 1611 860 1658 versumque
884 1611 1034 1652 incidit3
1063 1610 1117 1645 sed

309 1659 400 1693 unde
417 1670 557 1708 apparet
566 1672 645 1695 eum
663 1660 875 1696 hichaefiss‘e.
903 1661 950 1696 Et
965 1660 1040 1695 sane
1054 1660 1118 1694 ser-

310 1720 370 1742 mo
388 1709 435 1743 est
451 1710 628 1745 intricatus
646 1709 682 1744 &
697 1709 956 1758 inexplicabilis.
982 1711 1078 1745 Nam
1096 1708 1120 1743 fi

312 1757 450 1793 fuerunt
461 1759 607 1806 Delphis
618 1758 713 1806 plura
721 1759 885 1794 vestibula
895 1764 1019 1806 (prout
1028 1771 1120 1793 nunc

311 1806 597 1855 interpretabatur
609 1807 708 1842 Valla
723 1811 756 1843 in
772 1806 939 1850 vestibulis
955 1809 1064 1854 templi
1082 1820 1119 1841 a-

309 1855 377 1901 pud
394 1856 547 1903 Delphos)
566 1856 602 1891 &
618 1869 703 1891 unus
722 1866 854 1892 tantum
874 1858 909 1891 in
924 1857 962 1892 iis
979 1857 1120 1906 clypeus

314 1904 334 1939 πὶ
351 1904 474 1941 Croeso
490 1905 656 1953 suspensus
673 1905 759 1947 fuit3
777 1906 830 1941 vel
847 1906 1007 1955 clypeum
1024 1906 1120 1942 illum

315 1955 350 1988 in
361 1955 479 2002 ‘plures
495 1965 605 2003 partes
628 1967 692 2003 pro
716 1954 962 1990 vestibulorum
979 1968 1122 1990 numero

315 2004 458 2040 divisum
474 2014 613 2052 oportet
624 2030 635 2048 ,
661 2004 715 2040 vel
732 2005 767 2039 in
783 2017 853 2039 uno
869 2014 1002 2040 tantum
1021 2018 1063 2039 ex
1080 2004 1120 2039 il-

315 2054 355 2089 lis
373 2054 467 2088 fuisse
482 2079 493 2097 ,
528 2053 646 2101 plurali
669 2053 762 2089 velut
787 2052 898 2101 pofito
922 2067 984 2102 pro
1008 2053 1120 2102 fingu-

315 2103 386 2138 lari.
436 2103 545 2146 Quod
571 2101 594 2136 fi
618 2101 684 2138 fuit
701 2128 712 2145 ,
746 2103 832 2138 cedo
849 2129 860 2148 ‚
895 2103 929 2137 in
952 2116 1020 2150 quo
1046 2113 1120 2138 tan-

316 2150 417 2187 dem?
429 2151 590 2185 Profeeto
605 2150 679 2186 sunt
696 2153 749 2186 hae
766 2165 868 2201 nuga:
878 2152 1120 2201 nugaciffimae.

317 2202 365 2236 At
383 2211 484 2247 quam
501 2200 626 2234 eximie
643 2201 838 2236 membrana
848 2201 1024 2237 Medicea!
1054 2201 1121 2246 E’vfj‘

315 2252 456 2296 Προνηίης
468 2250 494 2284 ‘13
507 2253 700 2289 ὁνΔελφοῒσι.
725 2251 794 2284 hoc
812 2249 878 2294 est,
896 2251 931 2285 in
949 2250 1028 2285 fano
1039 2251 1123 2285 Pro-

317 2311 403 2334 naeae
420 2298 474 2333 vel
493 2297 689 2332 Prodomiae
707 2298 853 2346 Delphis
871 2313 878 2334 :
906 2311 975 2346 quo
993 2312 1126 2348 cogno·

317 2348 411 2382 mine
436 2347 632 2382 Minervam
658 2346 807 2395 Delphis
833 2347 960 2383 cultam
987 2349 1128 2383 testatur

322 2397 435 2432 denuo
452 2395 518 2443 ipse
528 2394 730 2430 Herodotus
744 2396 801 2431 lib.
813 2394 832 2430 8
852 2408 925 2444 cap.
939 2409 993 2443 37.
1009 2398 1044 2432 in
1059 2410 1128 2445 quo

324 2456 376 2481 ter
393 2445 538 2480 habetur
562 2446 633 2493 ejus
650 2446 782 2480 mentio
800 2469 812 2489 ‚
838 2445 874 2480 ὃ(
894 2456 1011 2493 quarta
1028 2456 1129 2493 atque

326 2495 445 2543 quinta
460 2493 593 2530 accedit
609 2494 644 2528 in
661 2506 735 2541 cap.
749 2506 802 2540 39.
818 2507 895 2542 quae
913 2495 1063 2543 quinque
1080 2495 1129 2529 lo-

328 2556 368 2579 ca
385 2542 459 2578 fieri
475 2555 545 2578 non
562 2543 698 2591 potuit,
722 2545 806 2592 quin
818 2543 909 2578 reete
925 2543 1022 2579 fimul
1036 2544 1130 2579 vide-

327 2594 373 2628 rit
389 2592 533 2627 eximius
543 2591 734 2637 Meursius,
759 2605 864 2640 quum
880 2592 1039 2628 scriberet
1055 2593 1130 2628 libri

328 2641 465 2677 secundi
483 2641 676 2676 Atticarum
694 2641 903 2677 Lecffiomnm
920 2652 1023 2690 caput
1039 2654 1111 2678 xvii
1122 2667 1133 2686 ‚

329 2690 389 2726 ubi
413 2701 528 2726 tamen
552 2690 657 2725 modo
683 2689 752 2725 duo
768 2690 942 2726 Herodoti
965 2691 1040 2726 loca
1056 2704 1135 2740 pro-

331 2739 399 2775 fert
415 2765 425 2782 ,
450 2751 595 2787 quorum
613 2738 763 2787 respe&u
782 2739 894 2774 laudat
912 2739 1047 2775 Vallam
1065 2752 1136 2788 prae

331 2788 444 2823 Henr.
462 2789 650 2836 Stephano.
702 2789 751 2823 At
769 2800 860 2824 nunc
876 2789 944 2837 ipsc
971 2789 1075 2824 testor
1090 2789 1135 2825 fic

333 2837 432 2885 plane
449 2837 517 2885 legi
534 2836 678 2879 wvm'nc
694 2837 729 2872 in
746 2837 804 2872 illo
820 2839 956 2887 optimo
973 2836 1060 2874 libro
1077 2850 1137 2886 per

334 2886 484 2933 quinque
511 2886 569 2920 ista
601 2886 676 2921 loca
695 2913 706 2931 ‚
737 2887 792 2921 cui
825 2887 987 2935 praeclare
1011 2887 1139 2923 indicat

336 2935 518 2969 concinere
534 2935 690 2969 codicem
707 2936 914 2970 Vaticanum
939 2935 979 2969 ad
1006 2936 1137 2970 restitu—

337 2984 466 3018 tionem
485 2983 778 3029 Harpocrationis.
831 2984 900 3017 Hic
923 2993 1036 3018 autem
1054 2996 1139 3030 prae-

824 222 1325 266 GRONOVII

1399 222 1679 264 NOTAE

1169 301 1246 324 nem
1267 290 1367 334 hujus
1385 289 1535 332 vomicae
1560 290 1629 325 illic
1654 289 1686 325 se
1711 290 1837 325 novisse
1855 303 1898 325 ex
1915 302 1973 325 an-

1171 334 1347 373 notatione
1358 338 1528 384 ostcndat‚
1539 349 1632 387 patet
1647 339 1735 374 hanc
1751 352 1793 374 ex
1810 340 1896 374 libro
1907 340 1976 387 pri—

1171 400 1230 421 mo
1252 387 1418 422 verissime
1443 387 1461 422 a
1485 389 1582 423 nobis
1607 388 1796 424 restitutam
1823 390 1852 423 ei
1880 388 1975 423 fuisse

1170 437 1359 485 ignoratam
1370 461 1381 480 9
1391 446 1428 471 ut
1445 448 1582 484 apparet
1591 463 1602 482 ‚
1613 447 1710 473 certo
1721 438 1862 482 indicio,
1873 437 1974 485 ipsius

1165 487 1235 534 jam
1262 495 1418 533 tempore
1442 496 1643 532 corruptum
1668 486 1704 521 ὃς
1729 487 1974 530 obumbratum

1173 535 1264 569 hunc
1282 535 1396 569 locum
1414 534 1508 569 fuiffe
1527 535 1562 568 in
1584 535 1755 570 nonnullis
1772 536 1975 584 exemplari-

1171 583 1232 618 bus
1250 585 1284 620 &
1300 585 1337 618 iis
1352 593 1465 627 certe,
1491 582 1612 630 quibus
1627 583 1880 631 ipsefutebatur.
1907 584 1976 627 Sed

1171 632 1307 667 interest
1324 632 1530 681 cognoscere
1541 658 1552 677 ‚
1579 645 1681 680 quam
1695 632 1782 667 bene
1799 633 1863 668 viri
1879 632 1974 668 doen

1170 683 1328 717 noverint
1355 683 1442 717 hanc
1461 682 1658 717 Minervam
1674 707 1686 726 ‚
1711 681 1748 715 &
1762 693 1863 729 quam
1889 693 1975 716 vane

1169 730 1224 765 illa
1238 730 1287 765 usi
1304 731 1439 766 fuerint.
1482 729 1575 765 Nam
1592 742 1699 778 quum
1720 729 1889 765 Meurfius
1905 729 1975 765 illic

1170 789 1293 824 praeter
1305 779 1525 814 Herodotum
1542 780 1662 815 citaret
1677 791 1815 828 quoque
1825 778 1976 828 [Eschy-

1170 828 1192 861 li
1208 828 1323 862 locum
1342 828 1377 863 ἃ
1388 829 1612 873 Callimachi,
1629 829 1692 864 hos
1708 828 1793 864 duos
1807 828 1975 877 posterio-

1168 888 1218 911 res
1251 876 1366 924 legens
1397 878 1506 912 Henr.
1534 878 1687 913 Valefius
1718 876 1892 926 adscripsit
1925 877 1974 912 sui

1170 926 1453 966 Harpocrationis
1478 928 1624 975 margini
1643 939 1722 962 cum
1740 928 1904 974 praeclaro
1921 927 1974 962 lo-

1169 986 1212 1009 co
1227 974 1473 1010 Demosthenis
1487 999 1498 1018 ‚
1526 976 1559 1009 in
1584 988 1652 1023 quo
1679 975 1880 1011 describitur
1895 984 1975 1022 Προ-

1169 1023 1246 1063 vadm-
1262 1025 1394 1060 Α’Θὶωοῖς
1408 1048 1421 1068 ‚
1445 1023 1506 1058 etsi
1526 1024 1560 1058 in
1577 1037 1619 1058 eo
1645 1024 1756 1059 adhuc
1785 1024 1899 1060 fiverit
1914 1037 1974 1060 ex-

1170 1072 1253 1108 stare
1274 1078 1438 1121 Προνοιόιςς
1467 1085 1573 1120 quum
1590 1073 1728 1108 interim
1751 1073 1902 1108 eruditus
1918 1072 1975 1108 ille

1169 1122 1334 1158 Stanleius
1345 1122 1550 1171 AEschylum
1568 1122 1733 1157 illustrans
1750 1123 1784 1158 in
1793 1123 1892 1157 initio
1903 1122 1974 1157 Eu-

1168 1171 1342 1206 menidum
1361 1170 1467 1206 rursus
1488 1184 1530 1206 ex
1547 1171 1762 1206 Callimacho
1780 1171 1814 1206 id
1831 1171 1974 1207 demon-

1170 1219 1268 1256 strare
1286 1222 1432 1256 voluerit
1451 1221 1485 1254 &
1501 1233 1544 1255 ex
1562 1220 1719 1255 Pausania
1742 1222 1776 1255 in
1794 1221 1975 1264 Phocieis‚

1168 1281 1268 1315 quem
1288 1270 1365 1304 ideo
1382 1268 1560 1312 emendat,
1587 1270 1690 1303 etiam
1708 1269 1825 1304 locum
1838 1269 1975 1305 AEsehi-

1169 1319 1217 1352 nis
1234 1317 1274 1353 ab
1293 1319 1568 1366 Harpocratione
1587 1318 1827 1366 indigetatum.
1864 1319 1974 1353 Deni-

1168 1378 1233 1413 que
1258 1367 1458 1415 prodicrunt
1485 1366 1551 1402 illa:
1577 1366 1686 1401 dcnsae
1710 1366 1976 1402 Observationes

1169 1415 1209 1450 ad
1224 1416 1475 1451 Callimachum
1491 1442 1503 1460 ‚
1529 1416 1588 1451 ubi
1606 1428 1682 1464 pag.
1698 1420 1777 1451 620.
1795 1416 1974 1465 o&oginta

1169 1464 1244 1510 post
1263 1465 1454 1499 Mem-sium
1481 1466 1573 1499 annis
1599 1475 1782 1500 renovatur
1807 1466 1975 1502 cantilena

1172 1513 1297 1548 Α’Θῑωᾶς
1307 1514 1453 1558 Προναίας
1467 1525 1509 1547 ex
1523 1513 1686 1561 (Eschylo
1701 1513 1735 1548 ἃ
1745 1514 1975 1559 Callimacho,

1173 1561 1209 1596 ἃ
1228 1560 1398 1596 Pausanias
1414 1562 1537 1605 etiam,
1556 1560 1581 1595 fi
1600 1561 1707 1596 Mufis
1721 1563 1975 1609 placet,emen-

1172 1610 1280 1645 datur.
1316 1611 1449 1645 Nonne
1465 1610 1532 1645 hoc
1549 1609 1756 1658 praesegnem
1776 1612 1916 1646 Ocnum
1937 1625 1975 1647 o-

1173 1659 1317 1694 stentat?
1343 1659 1410 1695 Sed
1421 1659 1457 1693 &
1471 1671 1577 1707 quum
1595 1659 1664 1694 illic
1674 1660 1776 1694 video
1790 1660 1978 1696 identidem

1173 1709 1240 1744 dici
1259 1711 1289 1742 ei
1305 1719 1379 1742 ante
1398 1708 1492 1742 aedem
1511 1708 1703 1755 Delphicam
1711 1710 1865 1754 fizcellnm
1880 1710 1980 1753 (Tfi-

1175 1759 1358 1792 mulacrum
1368 1759 1520 1802 erefi‘um,
1530 1758 1613 1793 item
1624 1760 1672 1791 ita
1683 1757 1723 1792 de
1731 1758 1862 1805 Delphis
1871 1758 1979 1802 hujus²

1173 1821 1233 1853 que
1244 1810 1405 1841 Minervae
1421 1806 1542 1840 ibidem
1557 1809 1668 1853 templo
1676 1809 1734 1852 fin
1745 1808 1858 1852 sacello
1873 1820 1981 1856 agens,

1172 1867 1311 1904 apparet
1329 1869 1399 1891 non
1415 1855 1502 1891 bene
1527 1856 1617 1890 noss'e
1633 1855 1715 1904 quid
1733 1856 1803 1892 illic
1819 1857 1981 1893 obtinue-

1174 1908 1219 1941 rit
1237 1906 1406 1941 Minerva.
1438 1905 1608 1940 Sacellum
1624 1915 1736 1941 vocat.
1764 1907 1805 1942 N
1808 1906 1845 1942 ifi
1861 1906 1981 1951 fallor,

1174 1955 1208 1989 id
1222 1955 1503 2000 bencssconveniet
1513 1966 1591 1989 cum
1603 1954 1714 1990 verbis
1724 1956 1980 1992 Demosthenis:

1170 2005 1226 2042 ‘Kal
1237 2004 1382 2051 Προναίας
1393 2005 1522 2040 Α’θῖιυοῖς
1533 2006 1569 2040 αῖς
1584 2003 1728 2050 μεγάλης
1741 2004 1762 2041 ἐ
1772 2007 1894 2051 οἱγοιθῆς
1907 2007 1983 2047 oei,

1176 2059 1199 2104 ᾗ
1220 2054 1296 2098 aa&
1312 2058 1353 2100 τῷ
1371 2054 1562 2089 Α’πᾶὶλωνιὸν
1580 2061 1711 2094 Δελφοῖς
1727 2052 1907 2094 uolnus-&C
1921 2058 1981 2098 μὲ-

1176 2111 1277 2149 715&
1295 2103 1361 2139 νεῶς
1383 2102 1463 2136 tsi-2965
1484 2102 1587 2135 eimo'v‘h
1604 2106 1642 2138 εἰς
1657 2103 1690 2136 τδ
1704 2100 1783 2147 ἱερόν.
1819 2102 1881 2136 Ne
1897 2103 1981 2150 quid

1175 2151 1216 2186 ad
1238 2152 1326 2186 hanc
1351 2150 1649 2185 confirmationem
1668 2151 1849 2185 omittatur
1866 2175 1879 2195 ‚
1911 2152 1982 2200 ipsa

1177 2199 1303 2249 phrasis
1322 2204 1352 2235 ὸν
1370 2202 1396 2235 as
1417 2203 1554 2246 Προνηΐης
1569 2198 1698 2233 evincit
1715 2210 1786 2233 non
1799 2199 1934 2235 aliunde
1949 2201 1982 2237 se

1178 2248 1239 2284 nifi
1254 2249 1294 2284 ab
1306 2248 1489 2284 Herodoto
1500 2247 1626 2281 venire.
1653 2247 1711 2282 Sic
1721 2259 1795 2296 cap.
1809 2258 1862 2295 35⁶.
1883 2253 1918 2284 0‘
1927 2249 1982 2295 μῆ.)

1181 2299 1293 2334 alaeam
1307 2297 1372 2343 εἶχε
1393 2303 1423 2333 ἐν
1440 2300 1555 2343 Κροῖσε.
1580 2296 1628 2331 Et
1643 2308 1716 2343 Cap.
1732 2308 1809 2331 111.
1827 2300 1984 2344 Κλαυθμόν

1182 2349 1352 2385 modenam
1377 2350 1519 2392 ἑμφσωέοι
1544 2350 1574 2381 ἐν
1599 2345 1750 2392 A‘grroiys.
1790 2345 1877 2394 Cap.
1905 2358 1983 2395 133⁴

1184 2401 1384 2444 2‘142‘0‘39609’
1396 2401 1426 2430 ἐν
1441 2395 1458 2430 ἓ
1476 2394 1511 2429 οἷν
1528 2394 1611 2431 ἑόνῖες
1627 2394 1804 2439 &aalma
1832 2396 1884 2430 lta
1900 2407 1984 2432 mox

1182 2449 1218 2483 in
1237 2447 1305 2482 hoc
1324 2444 1394 2493 ipso
1410 2445 1521 2492 capite
1539 2449 1566 2480 ἐς
1584 2442 1604 2483 Ξ
1617 2445 1916 2492 Α’μφιοίρεω,(]υειιῃ
1932 2445 1984 2480 lo·-

1183 2497 1358 2531 cutionem
1375 2493 1441 2528 fine
1457 2492 1601 2528 articulo
1620 2504 1662 2527 ex
1689 2492 1809 2528 eodem
1834 2493 1915 2529 MS.
1931 2506 1985 2529 re·

1186 2546 1320 2580 stituam
1335 2541 1462 2578 auctori
1480 2543 1514 2576 in
1531 2541 1618 2577 libro
1636 2539 1655 2575 8
1673 2554 1747 2590 cap.
1763 2553 1842 2590 134,
1856 2543 1984 2592 quippe

1183 2594 1243 2630 ubi
1260 2592 1396 2628 absurde
1413 2600 1639 2639 corruperunt
1650 2615 1661 2634 ,
1674 2596 1700 2627 ἐς
1718 2592 1902 2639 Α’μφιαίρεω.

1239 2641 1292 2689 38,
1307 2653 1364 2688 47.
1407 2643 1446 2673 E'v
1474 2642 1669 2687 Βξοιγχίδῃζι
1703 2645 1768 2688 τῇσι
1794 2639 1983 2686 Μιλησίων]

1189 2691 1316 2728 Nullus
1334 2687 1512 2736 adsequor,
1537 2688 1825 2736 quemadmodum
1842 2697 1895 2724 tot
1913 2687 1986 2733 edii

1188 2741 1296 2777 tiones
1322 2737 1496 2773 Herodoti
1521 2739 1698 2784 potuerint
1721 2738 1834 2773 tacitae
1856 2737 1890 2771 in
1913 2745 1985 2773 tarn

1188 2787 1309 2825 vitioso
1325 2786 1403 2821 loco
1420 2785 1449 2821 se
1466 2785 1635 2821 oblectare
1652 2799 1660 2822 z
1686 2799 1764 2821 nam
1781 2786 1861 2820 licet
1877 2785 1986 2820 forsan

1190 2839 1225 2874 in
1242 2849 1283 2872 eo
1306 2835 1599 2882 deprehenderent
1617 2835 1680 2870 viri
1696 2833 1788 2869 doffi
1806 2844 1987 2882 corruptos

1190 2886 1292 2922 libros
1307 2910 1319 2929 ‚
1344 2885 1462 2931 utique
1480 2894 1593 2918 tamen
1614 2885 1773 2919 intererat
1789 2881 1895 2917 verbo
1912 2895 1987 2918 mo-

1193 2946 1272 2970 nere
1287 2959 1298 2978 ,
1324 2943 1362 2968 ut
1379 2932 1490 2967 saltem
1508 2932 1674 2967 constaret
1695 2930 1781 2978 ipsos
1795 2929 1882 2965 bene
1897 2933 1988 2968 noffe

1194 2985 1280 3019 hanc
1306 2981 1412 3016 labem
1433 3007 1444 3025 ,
1468 2981 1521 3015 sed
1547 2992 1615 3015 non
1632 2978 1813 3014 sustinuiffc
1838 2991 1989 3026 mutare,

337 3030 547 3067 stantiffimus
563 3029 1018 3078 adjutorGraecisermonis,
1034 3045 1138 3079 quum
1193 3044 1297 3080 quum
1330 3030 1508 3065 auftoi-itas
1541 3027 1715 3064 vetustatis
1754 3028 1992 3065 intercederet.

333 3080 455 3117 diserte
471 3091 513 3114 ex
531 3078 702 3114 Herodoti
730 3078 818 3114 libro
843 3079 965 3115 οξὶτινο
992 3081 1140 3117 mentio-
1195 3081 1299 3115 Certe
1324 3091 1391 3127 ego
1417 3078 1502 3115 nihil
1526 3076 1640 3112 notavi
1657 3084 1698 3111 ex'
1718 3076 1795 3112 MS.
1823 3076 1858 3112 ὃ(
1876 3088 1989 3113 tamen

1882 3126 1993 3162 offen-
