2112 3621
317 223 407 267 ET
449 219 834 266 OBSERVAT.
876 219 955 259 IN
994 222 1364 265 HERODOT.
1410 223 1585 264 L1n.1.

117 304 163 327 ne·
177 291 200 326 fi
220 291 408 326 habuifl'ent
435 291 518 325 adeo
535 290 624 336 piam
649 286 781 332 ᾳνιῶμῖω
800 312 808 324 ,
835 295 874 319 ut
893 285 925 337 in
949 291 953 367 ι

116 341 232 374 locum
266 341 498 385 jumentorum
539 337 716 371 succedere
749 334 784 368 &
811 343 926 386 matris
980 337 1097 381 quium
1116 338 1226 373 Croesi
1247 339 1279 372 δ’
1297 340 1431 374 Solonis
1449 350 1519 372 non
1546 338 1648 373 fuerit
1664 335 1784 372 admis-

117 383 405 431 currum‘trahere
423 386 549 423 vellent
570 411 582 429 ‚
608 385 642 419 id
669 385 779 418 facere
798 384 924 431 potuil—
978 386 1027 417 ius
1056 395 1201 428 tertius;
1230 400 1329 433 quam
1356 389 1487 422 minute
1513 389 1539 422 is
1563 387 1639 422 haec
1666 386 1783 422 omnia

114 436 208 480 sent,
221 435 283 471 nisi
301 447 394 483 pares
410 436 497 469 vires
514 434 590 482 ipsis
605 433 794 468 adfuiss'ent.
823 430 925 465 Unde
977 434 1050 480 regi
1070 435 1291 482 proposuiss'et
1311 437 1323 470 ?
1351 437 1407 470 Sic
1428 436 1609 470 hominum
1632 435 1707 471 sunt
1730 435 1780 470 di-

117 486 219 520 etiam
239 483 417 519 occafione
434 484 633 518 narrationis
651 483 776 516 virium
793 481 829 514 in
847 477 923 526 ipsis
976 482 1077 516 versae
1097 482 1267 518 suffitiones.
1295 485 1471 519 Caeterum
1490 485 1542 518 his
1559 483 1781 519 intermisceri

117 534 160 569 ad
183 533 320 569 alteram
346 532 519 567 historiam
547 532 632 566 hanc
649 531 744 564 venit
762 527 924 563 Herodo-
977 528 1098 574 debet,
1110 532 1202 579 quod
1213 533 1414 567 Herodotus
1429 544 1554 566 annum
1574 533 1695 568 statuat
1710 533 1782 566 die*

121 592 187 618 tus.
236 583 355 629 Itaque
380 581 404 615 si
427 594 497 615 non
520 581 554 614 in
578 578 748 621 universa,
773 587 865 611 ccrte
891 577 924 610 in
977 590 1052 612 rum
1077 586 1138 626 360
1158 580 1331 615 manifeste
1347 581 1431 628 lib.3
1452 593 1594 627 cap.90‚
1611 580 1695 616 ficut
1715 581 1781 614 AE-

120 633 236 680 priore
255 631 375 666 harum
399 642 525 665 vocum
551 638 646 676 parte
672 627 790 661 melius
813 637 851 659 ac
874 636 925 659 re·
950 616 953 664 Ι
976 629 1115 674 gyptios
1133 631 1178 664 ait
1193 630 1432 676 wamiwssgsc
1455 628 1558 677 egisse
1575 630 1625 666 τὲς
1640 630 1783 664 &vadem

117 681 205 717 &ius
219 680 408 715 existimem
425 678 493 726 legi
511 679 545 711 in
562 677 698 723 optimo
715 674 835 710 codiee
846 680 922 719 ἐμοι-
977 677 1079 722 falum
1100 690 1131 721 2,
1149 692 1180 723 4.

119 732 244 776 indagor
263 733 289 764 “3²
306 732 428 767 νεηνιὲων
448 727 502 762 witi>
526 726 632 773 ῥώμῖω
650 749 662 769 ,
688 724 723 758 ἃ
741 734 924 771 Utl‘uquC
1031 738 1084 773 13,
1101 739 1152 762 11.
1180 732 1242 762 Ποῖν
1260 727 1499 774 ἐςι,ἆ’νθςωπΘ«
1511 729 1679 776 ἑγυμφοςῆ]
1694 729 1783 764 Non

121 777 275 828 probavi.
979 774 1131 811 dubitavi
1157 788 1321 823 reponere
1348 788 1499 813 veterem
1524 792 1567 814 ex
1592 778 1782 814 fideliffimo

1705 220 1784 271 803

981 289 1110 332 credo,
1138 290 1267 325 Petitus
1300 290 1439 334 doluit,
1472 288 1566 337 quod
1601 288 1642 324 ad
1675 287 1785 323 collo*

174 838 228 870 12,
243 836 300 872 44.
334 824 432 859 nomo&
454 826 506 867 μέν
533 828 575 860 ὲςι
595 823 716 870 ἰδέειν]
752 822 820 857 Hae
852 820 927 856 sunt

121 875 332 924 captationes
373 873 409 907 &
450 873 647 907 acrimonia:
689 871 927 920 ingeniorum,

121 936 228 973 quum
256 921 454 958 Herodotus
478 921 561 956 teste
592 920 788 956 membrana
811 919 925 955 Medi—

122 986 182 1009 cea
207 971 351 1008 ediderit
376 976 431 1009 ἐςὶν
458 974 527 1005 ἰδεῖν
544 995 556 1013 ,
589 979 628 1005 ut
653 969 774 1004 deinde
807 970 926 1006 παθεῖν,

124 1021 247 1071 quibus
274 1020 374 1057 Valla
399 1018 601 1067 interposuit
630 1017 745 1054 insulse
767 1031 829 1064 qua
854 1018 929 1050 nolit

124 1072 280 1117 qusfiiiam
298 1071 443 1103 tolerare.
484 1068 523 1103 ld
540 1069 630 1102 enim
647 1067 748 1102 habet
764 1065 928 1101 inclusum

125 1120 253 1155 malum
271 1135 282 1161 3
307 1118 384 1153 ideo
402 1118 534 1152 omittit
554 1116 763 1151 Herodotus.
796 1119 862 1149 ἰδεῖν
881 1114 929 1148 cst

127 1168 327 1216 ambiguum
346 1167 381 1201 ὃς
397 1178 591 1200 commune.

111 1251 113 1253 ,
183 1229 237 1261 12,
251 1228 309 1263 47.
346 1215 522 1261 ΠαςὲχονἾοα
541 1214 694 1260 ἡμέρῃ]
729 1214 813 1248 Hoc
835 1224 930 1247 com-

126 1275 251 1315 putum
279 1264 515 1311 quotidianum
536 1272 605 1297 crat
623 1274 724 1310 penes
741 1261 932 1296 nummula-

125 1315 215 1357 rios,
239 1323 278 1348 ut
294 1324 399 1360 quum
417 1311 641 1346 subducerent
658 1309 711 1346 sua
729 1312 762 1345 in
779 1310 932 1345 futurum

127 1363 221 1398 lucra
236 1373 279 1396 ex
295 1361 421 1396 mutuis
435 1360 494 1397 sub
511 1359 605 1395 usui-fi
623 1360 788 1403 nummis,
816 1372 884 1393 non
901 1361 935 1393 in

129 1423 234 1447 annos
252 1422 289 1446 ea
306 1419 364 1445 aut
381 1409 507 1444 menses
528 1409 771 1458 praesignarent
789 1434 799 1451 ,
824 1407 877 1442 sed
900 1408 935 1441 δε

129 1461 166 1496 in
182 1460 253 1496 dies
264 1485 275 1504 ‚
301 1460 408 1493 immo
425 1458 460 1492 ὃς
476 1459 512 1492 in
526 1460 624 1493 horas
640 1457 793 1500 infinita,
817 1467 857 1491 ut
872 1457 935 1490 mi-

130 1509 212 1545 reris
236 1507 306 1543 fere
330 1507 371 1542 ab
397 1507 582 1542 Herodoto
617 1505 661 1540 fic
687 1505 860 1539 introduci
886 1506 936 1539 lo-

131 1567 295 1606 quentem
314 1555 496 1598 Solonem,
513 1555 614 1602 idque
632 1553 937 1600 intei·Lydos‚isto

134 1616 292 1653 tempore
309 1603 554 1639 tocullionibus
570 1602 769 1637 uberrimos.
794 1602 833 1636 Ν
838 1602 938 1636 ihilo-

134 1655 247 1689 minus
264 1652 354 1688 reete
370 1653 464 1687 venit
480 1663 616 1699 quoque
632 1650 673 1685 ad
688 1651 757 1685 dies
774 1669 785 1695 5
809 1662 872 1685 nec
888 1650 937 1685 so-

134 1703 207 1739 lum
232 1701 391 1749 perdurat
413 1700 530 1735 dixiss‘e
548 1712 713 1735 annorum
738 1711 939 1744 numerum,

134 1761 175 1787 ut
193 1749 237 1785 fic
253 1750 468 1798 defungatur.
520 1749 660 1784 Mentio
677 1749 809 1784 dierum
833 1749 940 1797 magis

135 1808 336 1835 commovet
351 1798 565 1842 audientem,
590 1809 696 1846 quum
714 1798 846 1846 optime
862 1798 942 1833 sciat

134 1849 361 1898 exiguitatem
377 1846 587 1896 {iugulorum
599 1872 611 1891 ‚
627 1860 703 1895 qnae
719 1847 817 1882 facile
833 1847 866 1883 &
882 1859 941 1881 co-

137 1898 254 1935 leriter
271 1896 496 1932 circumvolvi
514 1896 643 1943 potest:
657 1895 710 1931 sed
726 1896 761 1931 &
778 1896 848 1931 dies
863 1908 942 1944 pro—

136 1948 212 1997 prie
234 1945 309 1981 sunt
337 1944 511 1980 intervalla
526 1967 538 1989 5
565 1944 686 1993 quibus
708 1944 855 1980 aetiones
879 1946 942 1980 hu-

137 2007 249 2032 manae
274 1994 524 2035 includuntur3
552 2004 591 2028 ut
616 1994 686 2028 vita
711 2006 772 2042 per
793 1993 862 2029 dies
887 1994 941 2043 agi

137 2044 291 2088 dicatur,
317 2055 387 2077 non
403 2054 528 2086 annm,
550 2042 640 2090 quod
657 2042 788 2078 constat
805 2056 846 2077 ex
865 2043 942 2078 scri-

137 2094 206 2142 ptis
231 2091 462 2139 antiquissimis
478 2117 490 2136 ,
516 2104 592 2139 quae
616 2091 758 2126 modum
775 2093 856 2127 vitae
880 2093 941 2127 hu-

137 2153 249 2178 manae
265 2140 484 2176 terminantes
498 2149 555 2174 aut
571 2139 761 2175 miserantes
776 2153 862 2175 voce
872 2141 942 2176 die-

137 2203 215 2227 rum
233 2199 388 2225 utuntur.
440 2189 553 2224 Etiam
579 2189 613 2223 in
632 2189 831 2237 anaglyphis
846 2215 858 2234 ‚
884 2190 942 2225 ubi

136 2239 325 2276 mortalitas
342 2249 402 2286 per
415 2238 718 2286 alicujusmortem
736 2238 770 2272 δε
790 2239 870 2273 hinc
891 2238 941 2273 so-

139 2289 251 2326 lennia
266 2288 356 2323 circa
371 2287 575 2321 morientem
594 2287 833 2334 exprimuntur
847 2313 859 2331 ,
883 2287 942 2322 sae-

139 2349 185 2386 pe
201 2337 304 2372 solem
332 2335 367 2370 ἃ
392 2335 505 2370 lunam
531 2336 651 2383 reponi
676 2336 801 2382 pariter
825 2335 944 2383 depre-

144 2386 322 2422 hendimus
364 2384 455 2419 diem
502 2384 687 2419 naturalem
737 2394 946 2433 peragentes.

143 2434 251 2479 Qiod
274 2435 413 2468 innuere
429 2433 564 2469 videtur
580 2432 718 2467 voluisse
741 2433 858 2468 au&or
879 2446 946 2468 cae-

143 2483 222 2518 latae
238 2483 273 2516 in
288 2482 439 2529 pluribus
455 2480 659 2530 imaginibus
674 2493 788 2526 urnae,
805 2495 945 2529 quarum

143 2531 305 2577 utrinque
322 2530 439 2573 seriem
455 2530 600 2565 includit
619 2530 700 2565 hinc
718 2532 817 2566 Luna
834 2556 845 2574 ‚
870 2531 948 2566 inde

144 2580 187 2615 ab
211 2589 311 2626 tergo
335 2579 393 2614 Sol
409 2604 421 2623 ,
450 2579 539 2613 inter
562 2580 684 2614 horum
709 2579 950 2615 vicissitudines

143 2628 217 2665 vita
240 2627 493 2675 astionibusque
514 2628 693 2663 hominnm
717 2628 950 2676 provolventi-

144 2677 219 2713 bus.
262 2676 382 2711 Exstat
397 2676 488 2724 apud
508 2676 562 2711 Cl.
585 2677 798 2712 Monfaucon
815 2678 850 2711 in
865 2678 950 2712 Dia-

146 2727 199 2762 rio
217 2725 339 2761 Italico
358 2736 434 2773 pag.
449 2736 529 2773 314,
544 2725 598 2760 sed
615 2725 802 2761 obscurior.

199 2785 295 2822 13³4·
323 2772 517 2821 Τωοίκονῷἷ]
545 2775 623 2809 MS.
637 2774 800 2817 τωῆκονῶἷ.
826 2783 865 2809 ut
880 2786 953 2822 cap.

145 2829 192 2872 65
211 2832 339 2859 norunt
364 2821 534 2864 τμηκαίδοις
553 2836 561 2858 :
587 2822 623 2857 &
646 2836 730 2859 mox
752 2824 842 2859 idem
872 2825 952 2859 MS.

142 2879 265 2911 τετὲων.
294 2873 376 2907 item
396 2874 608 2922 ἐξακιχιλιὲων
626 2871 649 2908 ἒ
669 2875 868 2917 δυσμυωὲων.

199 2933 253 2969 13,
265 2931 295 2968 5.
323 2921 430 2956 Μῖιῦες
447 2919 597 2961 remmio&
614 2921 719 2968 πὲνΊε]
749 2922 885 2969 Sapiens
900 2921 955 2956 illc

149 2970 239 3005 Sam.
256 2970 391 3004 Petitus
414 2969 454 3004 ad
475 2969 550 3003 haec
569 2979 667 3005 notat
682 2974 749 3004 Imo
767 2973 865 3003 etiam
883 2973 954 3016 plu-

151 3029 200 3052 res
211 3042 223 3061 ,
239 3018 275 3053 &
287 3027 454 3066 praeterea
470 3030 619 3052 errorem
631 3019 814 3054 Herodoto
830 3019 955 3066 impin-

152 3066 227 3115 git,
250 3079 352 3115 quem
370 3078 438 3116 ego
453 3066 654 3103 abstersurus
671 3079 743 3103 non
761 3067 844 3105 sum.
878 3067 958 3112 Sed,

980 823 1100 859 codice
1117 824 1298 860 leftionem
1316 851 1327 870 ,
1353 827 1538 874 praelitrtim
1562 838 1666 876 quum
1687 828 1783 862 vide-

981 885 1051 908 rem
1069 874 1222 909 fiiniliter
1236 875 1303 923 legi
1322 876 1356 910 in
1371 876 1577 912 editionibus
1592 876 1705 925 priscis
1722 877 1783 912 Al·-

982 922 1017 956 di
1034 923 1069 957 ὃ(
1085 923 1303 968 Camerarii,
1318 923 1380 959 nisi
1396 926 1488 973 quod
1504 927 1648 962 habeant
1664 937 1786 970 συμφο-

983 976 1027 1019 ρῇ.
1071 972 1180 1007 Henr.
1207 973 1397 1021 Stephanus
1419 974 1467 1009 est
1483 1001 1494 1020 ‚
1528 977 1586 1023 qui
1611 976 1697 1011 ultra
1726 975 1784 1009 sac-

984 1021 1097 1056 culum
1116 1020 1160 1056 fic
1184 1021 1358 1057 fascinavit
1382 1023 1435 1059 sua
1459 1024 1606 1060 lectione
1625 1025 1784 1059 l-lerodo·

983 1080 1055 1104 tum
1068 1095 1079 1113 ,
1105 1070 1364 1118 obtemperante
1379 1073 1494 1121 inique
1506 1074 1786 1123 Jungermannos,

984 1128 1019 1152 ut
1038 1120 1071 1152 in
1090 1131 1131 1152 eo
1148 1119 1280 1167 legatur
1297 1127 1360 1157 Ποῖ,-
1377 1127 1418 1159 ἑςι
1443 1123 1611 1170 οἷνθςωπςῷυ
1629 1125 1788 1170 natumst,

983 1168 1122 1215 exigens
1139 1169 1239 1202 etiam
1258 1179 1295 1203 ut
1313 1181 1522 1216 verteretur,
1550 1176 1600 1204 Im
1616 1175 1717 1218 {gitur
1736 1196 1747 1212 ‚
1771 1172 1789 1205 ὁ

986 1218 1216 1259 Croesi-,omnis
1233 1216 1320 1249 homo
1335 1219 1372 1260 est
1390 1222 1452 1263 ipflz
1473 1223 1662 1262 calamitas,
1683 1232 1787 1267 prout.

986 1265 1019 1298 in
1043 1264 1105 1299 hac
1130 1274 1224 1312 parte
1248 1267 1278 1300 ei
1302 1266 1543 1304 obsecundavit
1562 1281 1699 1316 quoque
1715 1270 1789 1304 Fri-

987 1313 1137 1357 dericus,
1155 1326 1259 1361 quum
1277 1327 1344 1363 ego
1361 1318 1463 1352 mirer
1480 1317 1525 1352 fic
1541 1318 1694 1353 ordinem
1714 1330 1790 1353 ver-

988 1362 1110 1397 boruin
1122 1388 1132 1406 ‚
1159 1375 1259 1410 quem
1277 1365 1371 1399 dedit
1390 1366 1588 1402 Herodotus
1604 1393 1615 1411 ,
1641 1367 1790 1411 turbari,

990 1411 1025 1444 ἕξ
1044 1411 1101 1445 ubi
1128 1412 1161 1444 in
1179 1411 1242 1446 illis
1268 1412 1316 1446 est
1337 1414 1399 1457 ι’ρβι
1417 1419 1431 1446 ?
1459 1415 1571 1450 Immo
1597 1415 1677 1463 quid
1694 1415 1791 1450 vult?

990 1459 1150 1493 Prostelo
1167 1459 1323 1506 quaefivit
1339 1462 1530 1509 Stephanus
1551 1463 1792 1511 amplificati&-

991 1514 1069 1541 nem
1085 1509 1119 1541 in
1137 1507 1266 1552 verbis,
1277 1521 1353 1555 quae
1370 1510 1471 1558 ipsam
1488 1523 1557 1546 non
1573 1513 1712 1559 capiunt
1729 1523 1792 1547 nec

991 1557 1180 1590 continent.
1217 1557 1298 1591 Nec
1315 1557 1388 1592 sane
1405 1560 1482 1606 quia
1502 1560 1640 1608 quisque
1656 1561 1725 1595 dies
1741 1561 1792 1596 di-

990 1604 1099 1639 versus
1117 1605 1165 1640 est
1189 1604 1230 1639 ab
1255 1606 1362 1641 altero
1387 1607 1421 1641 in
1439 1609 1536 1644 rebus
1554 1635 1565 1654 ,
1593 1622 1669 1656 quae
1686 1609 1792 1645 addu-

992 1663 1136 1698 cuntur,
1162 1654 1239 1688 ideo
1256 1656 1367 1690 omnis
1389 1656 1496 1692 homo
1513 1658 1626 1706 potest
1642 1658 1710 1693 dici
1726 1658 1795 1706 ipsa

994 1702 1174 1737 calamitas.
1224 1702 1323 1748 Qid
1348 1705 1454 1752 igitur
1476 1706 1560 1742 dicit
1577 1707 1797 1742 Herodotus?

994 1751 1134 1799 Nempe
1143 1751 1305 1786 Solonem
1315 1752 1503 1790 introducit
1511 1756 1680 1791 dicentem
1691 1755 1796 1791 Croe-

994 1797 1027 1833 so
1044 1801 1092 1833 ita
1110 1803 1234 1848 figitur,
1261 1801 1360 1846 Croese
1377 1827 1389 1846 ,
1414 1805 1598 1849 universum
1619 1805 1682 1848 est,
1707 1804 1798 1838 homo

994 1848 1176 1884 calamitas.
1227 1849 1458 1885 Distinffione
1479 1854 1568 1888 enim
1592 1853 1799 1898 adjuvandus

996 1906 1065 1932 erat
1080 1897 1184 1933 locus.
1212 1899 1345 1934 Nonne
1359 1900 1450 1934 enim
1469 1903 1602 1950 penitus
1619 1902 1725 1937 fimile
1736 1903 1798 1947 est,

996 1946 1089 1993 quod
1110 1947 1255 1995 legimus
1271 1947 1360 1995 apud
1377 1949 1522 1986 Graecos
1539 1950 1673 1986 eosdem
1690 1953 1800 1998 ἄνθρω-

996 2002 1066 2036 πΘ·
1091 1997 1236 2039 Ess'fflv&
1252 2021 1262 2039 ‚
1289 1996 1325 2030 &
1351 1997 1515 2044 oinwn&
1542 2000 1719 2046 παμφόλυξ
1745 2000 1799 2035 vel

995 2042 1105 2088 bulla,
1129 2054 1168 2080 ut
1184 2046 1287 2080 vertit
1297 2046 1418 2081 Varro.
1436 2054 1642 2094 Βραχυλογίω
1659 2049 1797 2096 placuit.

996 2093 1111 2140 Majus
1127 2094 1332 2142 corruptela:
1358 2107 1574 2132 momentum
1599 2097 1733 2133 accessit
1756 2098 1798 2132 ab

995 2140 1078 2185 illis,
1089 2143 1146 2189 qui
1158 2142 1377 2178 Herodotum
1394 2144 1434 2179 ad
1448 2145 1515 2180 suas
1531 2146 1708 2193 opiniones
1727 2159 1798 2181 me—

995 2189 1240 2239 ditationesque
1254 2192 1362 2227 citant
1377 2217 1388 2236 ‚
1413 2193 1614 2241 plerumque
1638 2195 1799 2238 licenter,

995 2247 1033 2272 ut
1048 2238 1207 2275 Clemens
1225 2240 1471 2277 Alexandrinus
1494 2242 1648 2279 sustinuit
1674 2243 1760 2279 libro
1781 2255 1797 2292 3

997 2287 1280 2337 Stromat.p.43z
1298 2289 1402 2324 citare
1419 2296 1484 2327 Παῖς
1500 2292 1648 2339 ἄνθρωπός
1663 2298 1706 2330 ἐςι
1724 2309 1802 2339 συμ·

998 2336 1092 2383 φοςῆ,
1117 2339 1291 2385 permixto
1311 2340 1376 2385 jam
1386 2339 1594 2375 Graecorum
1610 2341 1740 2376 ordine.

1052 2396 1171 2433 13‚12.
1198 2390 1433 2434 Πλκτέωνμέγοι
1452 2389 1607 2435 φαίνεαι]
1627 2391 1714 2425 Non
1730 2402 1802 2425 ma‘-

1000 2433 1031 2468 le
1046 2434 1111 2479 ita,
1128 2434 1183 2470 sed
1199 2435 1390 2471 debuerunt
1406 2449 1568 2485 pergere,
1583 2439 1619 2472 &
1634 2437 1804 2486 sequentia

999 2494 1208 2531 componere
1223 2485 1293 2532 pari
1311 2484 1436 2530 modo,
1462 2491 1484 2535 >g
1504 2486 1677 2529 βασιλθῖίων
1696 2493 1802 2521 πωλῶν

999 2533 1159 2578 ἀνθρώπων
1182 2542 1240 2568 aut
1265 2534 1415 2575 βασιλόθς
1433 2533 1468 2569 ὢν
1485 2558 1496 2575 ,
1531 2547 1636 2583 quum
1659 2534 1803 2572 verbum

1001 2593 1136 2629 quoque
1152 2592 1244 2617 amet
1256 2582 1455 2618 Herodotus
1473 2586 1684 2632 conjungere
1701 2586 1806 2632 parti-

1000 2631 1118 2677 cipiis3
1143 2631 1234 2679 quod
1252 2631 1300 2666 illi
1325 2644 1416 2666 nunc
1439 2628 1639 2681 displicuiffe
1655 2634 1804 2681 probant

1003 2679 1063 2714 ista
1079 2680 1230 2721 βασιλέα
1252 2678 1318 2716 εἶναι
1337 2708 1346 2718 ,
1371 2691 1409 2716 ut
1426 2681 1555 2729 scripsit
1578 2683 1613 2717 in
1639 2683 1806 2731 sequenti—

1005 2726 1087 2772 bus,
1112 2727 1148 2761 ὅ(
1163 2728 1270 2776 vulgo
1287 2728 1378 2764 reete
1395 2730 1531 2779 legitur.
1566 2731 1682 2766 Docte
1700 2733 1808 2780 igitur

1007 2775 1043 2810 &
1062 2777 1098 2810 in
1122 2777 1338 2823 praecedente
1361 2789 1455 2825 parte
1478 2784 1612 2815 πλετέειν
1631 2806 1642 2824 ,
1667 2791 1707 2816 ut
1726 2794 1809 2817 mox

1005 2828 1030 2874 »ᾗ
1050 2825 1204 2867 βασιλόθς
1221 2824 1307 2870 εἶναι,
1331 2827 1366 2860 in
1381 2840 1449 2875 quo
1466 2827 1553 2863 bene
1571 2831 1733 2865 convenit
1750 2842 1810 2865 co-

1005 2873 1248 2909 diciMediceo
1265 2887 1344 2909 cum
1362 2876 1538 2912 codicibus
1552 2878 1659 2913 MSS.
1670 2879 1782 2913 Galci.

1059 2933 1112 2970 13,
1136 2920 1187 2956 18.
1215 2929 1248 2957 Εἰ
1264 2924 1306 2969 pm*
1326 2924 1432 2970 ἦτόχη
1453 2926 1598 2961 &woanilo
1616 2926 1710 2967 παίνζὶ
1726 2928 1810 2962 καλοὶ

1007 2970 1132 3018 ἐ’χουῑκ]
1160 2971 1241 3005 Hoc
1258 2985 1395 3020 quoque
1411 2973 1451 3008 ad
1468 2975 1642 3010 Herodoti
1658 2975 1809 3010 dulcedi·-

1008 3032 1086 3054 nem
1104 3019 1238 3054 acidum
1256 3021 1314 3056 est.
1367 3022 1484 3057 Unum
1502 3033 1617 3058 tamen
1633 3035 1675 3057 ex
1692 3022 1759 3057 fide
1774 3036 1810 3057 ea-

1010 3067 1136 3105 ditores
1154 3093 1165 3113 ,
1189 3069 1282 3117 quod
1299 3071 1335 3105 in
1353 3070 1483 3118 scriptis
1498 3070 1745 3119 exemplaribus
1761 3072 1814 3106 in:-

1420 3120 1517 3153 Iiiii
1544 3131 1563 3154 2.
1753 3130 1812 3156 vc*
