2112 3621
352 239 795 299 INTERPR.
853 254 900 294 L.
958 257 1593 309 RHODOMANO.

138 324 216 366 nio,
228 321 426 359 dimittitur.
451 322 616 358 Indorum
636 332 738 357 nemo
755 319 875 355 dolore
891 333 946 356 ca-

139 371 238 421 pitis,
262 378 320 407 aut
339 370 521 406 oculorum
543 369 769 418 aegritudine,
795 380 852 404 aut
869 382 945 404 cru-

138 419 228 460 ciatu
242 417 397 455 dentium
424 418 556 455 laborat
577 431 584 452 :
611 429 675 452 nec
692 430 729 452 os
746 418 945 454 exhulcera-

137 477 193 505 tur
207 491 220 511 ‚
245 477 308 504 nec
325 467 498 515 putredini
513 466 682 503 obnoxius
698 466 756 501 est.
789 467 888 502 AEtas
904 467 943 502 il-

94 521 96 523 ’
136 515 247 553 lorum
270 514 367 564 supra
383 524 523 553 centum
546 515 586 551 ad
604 528 651 550 xx
669 515 705 550 δι’
720 527 793 568 xxi<
810 515 845 549 ὃς
864 528 887 551 L
907 516 944 550 &

135 575 176 599 cc
193 563 252 612 qui
269 563 452 602 diutiffime
466 565 587 600 vivunt
604 589 615 608 ,
639 576 742 599 annos
767 568 799 598 le
824 575 941 601 exten-

135 611 196 649 dit.
248 613 392 662 Serpens
407 613 497 662 apud
514 625 571 649 eos
596 613 941 665 lpithamael01igitu-

135 660 214 699 dine
230 686 242 706 ,
267 665 364 709 cujus
386 661 510 711 species
535 674 718 714 purpuram
745 665 848 697 refert
866 662 941 709 pul-

136 706 335 746 cerrimatri:
361 721 465 760 caput
481 712 512 748 ei
527 710 796 746 candidiflimum
815 709 850 744 ὅ(
867 711 942 745 nul-

137 758 160 798 li
176 759 275 806 plane
288 759 416 798 dentes.
440 759 587 809 Capitur
601 756 620 794 ἐ
636 758 810 796 montibus
819 758 942 794 aestuo-

137 806 264 845 fiffimis
279 833 291 853 ,
316 808 405 845 unde
419 807 510 845 sarda
525 808 665 844 eruitur.
700 807 789 842 Non
806 808 941 843 mordet

135 855 301 903 quidem:
336 856 391 893 sed
422 868 662 905 quemcunque
688 858 942 909 pervomuerit,

137 905 168 941 ei
192 904 385 942 membrum
409 905 493 943 illud
521 908 664 941 omnino
689 907 942 953 computi-eicit.

138 952 257 992 Cauda
270 953 436 1002 suspensus
459 953 587 1004 duplex
603 954 675 992 edit
691 966 881 999 venenum,
907 968 942 990 e—

135 1000 232 1039 leetri
254 1002 364 1040 forma
381 1002 417 1039 &
435 1005 572 1056 nigrum
590 1016 598 1038 ε
626 1003 709 1039 illud
733 1002 752 1038 ἐ
775 1004 857 1038 vivo
883 1004 939 1038 ad-

137 1050 207 1090 huc
225 1051 371 1089 destillat
386 1077 399 1097 ,
425 1052 493 1090 hoc
510 1052 530 1088 ἐ
546 1062 695 1089 mortuo.
729 1052 837 1094 Quod
855 1052 874 1087 e
889 1054 939 1087 vi-

136 1111 183 1135 vo
198 1099 332 1137 effluxit
347 1126 360 1145 ,
385 1100 408 1137 si
424 1100 535 1137 sesami
553 1100 703 1136 mensura
717 1101 939 1148 propinetur,

138 1147 317 1187 confestim
334 1159 468 1187 enecat·
488 1150 677 1186 Cei-ebrum
702 1151 793 1184 enim
816 1150 866 1184 his
882 1151 939 1198 qui

138 1195 262 1235 bibunt
280 1209 341 1246 per
358 1210 450 1234 nares
466 1198 674 1246 deliquescit.
708 1198 866 1233 Alterum
881 1211 939 1233 ve-

137 1257 176 1282 ro
192 1247 362 1295 ingestum
384 1247 424 1283 ad
442 1247 596 1295 phthissn
618 1246 775 1294 perducit
790 1272 802 1290 ,
829 1248 864 1282 ἃ
880 1260 940 1295 per

135 1305 261 1332 annum
278 1296 336 1331 vix
352 1296 528 1333 interitum
554 1304 711 1330 maturat.
751 1296 809 1330 De
823 1297 938 1331 avicu-

136 1341 166 1381 la
189 1344 292 1379 etiam
321 1343 437 1381 scribit
459 1368 471 1388 ,
504 1356 604 1393 quam
631 1345 798 1380 Dicaeron
824 1345 937 1393 (quod

131 1391 260 1439 justum
293 1391 492 1442 fignificat)
524 1403 650 1428 vocant
673 1407 680 1428 ε
715 1405 786 1428 non
818 1395 938 1441 majori

135 1452 236 1489 quaxn
253 1442 398 1489 perdicis
420 1454 525 1478 ovum
541 1441 599 1477 cst.
634 1442 725 1477 Haec
740 1454 938 1478 excremen-

135 1499 170 1527 ta
184 1490 251 1527 alvi
276 1489 430 1535 defodit,
455 1500 494 1526 ut
519 1503 590 1526 non
613 1491 838 1525 inveniantur.
882 1492 938 1525 In-

135 1549 237 1576 venta
251 1548 367 1576 autem
385 1537 409 1574 fi
423 1539 465 1576 ad
482 1537 594 1575 sesami
609 1539 804 1586 portionem
820 1538 938 1574 biban-

135 1597 193 1624 tur
208 1612 220 1632 ,
253 1599 353 1625 mane
373 1586 474 1636 sopor
496 1586 672 1623 hominem
697 1588 841 1639 corripit
856 1612 868 1631 ‚
902 1587 937 1623 &

137 1635 260 1684 absque
273 1635 364 1672 sensu
379 1635 458 1674 inde
471 1635 600 1671 dormit
618 1647 626 1668 ε
653 1634 789 1669 tandem
808 1635 866 1670 sub
881 1648 940 1670 oc-

137 1683 249 1722 casum
270 1684 345 1720 solis
358 1685 440 1722 vitae
454 1685 586 1722 exitum
610 1682 758 1718 sortitur.
784 1683 941 1732 Lignum

136 1732 186 1771 ibi
212 1732 261 1769 est
286 1733 379 1781 quod
395 1731 562 1769 Parebum
579 1731 700 1767 dicunt
715 1757 727 1776 ,
753 1732 854 1767 olivae
869 1745 940 1769 ma-

137 1781 319 1831 gnitudine
342 1780 544 1830 respondens
567 1794 575 1816 :
610 1779 664 1815 scd
688 1781 723 1815 in
745 1782 846 1829 regiis
869 1792 941 1817 tan-

136 1840 210 1868 tum
226 1831 400 1868 invenitur
415 1830 540 1866 hortis:
556 1841 619 1865 nec
637 1829 758 1863 florem
776 1831 861 1874 fert,
878 1842 941 1865 nec

136 1878 286 1920 frustum
312 1892 320 1915 :
353 1891 400 1916 xv
425 1887 538 1915 autem
562 1877 642 1914 solas
666 1877 770 1913 habet
792 1879 940 1922 radices,

136 1927 254 1977 easque
275 1928 391 1964 craffas
412 1926 526 1965 subter
539 1937 636 1963 terra.
687 1925 855 1962 Crassities
869 1929 940 1975 ejus

137 1977 197 2016 ubi
219 1975 426 2014 subtilissima
447 1975 497 2012 est.
514 1985 638 2024 quanta
658 1975 798 2011 brachii.
847 1977 939 2012 Haec

136 2024 231 2064 radix
248 2024 290 2062 ad
317 2025 493 2074 spithamae
516 2024 657 2060 modum
677 2023 808 2072 sumpta
824 2050 836 2069 ,
862 2024 938 2060 ubi-

134 2085 271 2122 cunque
292 2073 453 2122 applicita
468 2072 569 2109 fuerit
586 2098 597 2117 ,
623 2073 736 2107 omnia
754 2073 794 2108 ad
817 2073 846 2108 se
862 2086 939 2122 per-

134 2122 240 2159 trahit
255 2147 266 2167 ,
292 2134 411 2160 aurum
427 2148 439 2167 ,
465 2131 643 2171 argentum
660 2147 672 2165 ,
698 2133 769 2176 aes,
795 2122 939 2176 lapides,

136 2171 172 2207 &
190 2171 276 2207 nihil
301 2183 372 2206 non
387 2180 512 2219 praeter
527 2170 700 2206 elcetrum.
736 2171 769 2205 S1
787 2171 826 2206 ad
845 2171 940 2206 cubi-

135 2222 162 2259 ti
178 2219 320 2255 modum
342 2225 350 2240 ¹
370 2218 503 2267 sumpta
520 2218 621 2254 fucrit
640 2243 651 2262 ‚
675 2220 815 2254 attrahit
838 2220 940 2255 etiam

135 2281 216 2305 oves
238 2268 274 2304 ὃ(
298 2280 385 2304 aves.
428 2269 507 2305 Hac
532 2268 622 2302 enim
646 2268 827 2302 maximam
845 2268 940 2302 volu-

136 2330 232 2354 crum
249 2327 381 2367 partem
408 2327 583 2354 venantur.
635 2315 744 2369 Quod
769 2316 792 2350 fi
808 2316 941 2371 efficere

136 2366 218 2403 velis
235 2391 247 2412 ‚
272 2375 311 2402 ut
327 2367 430 2402 etiam
453 2377 536 2414 aqua
551 2367 745 2400 concrelcat
761 2391 773 2409 ,
796 2366 838 2402 de
854 2365 940 2400 radi-

136 2426 177 2449 ce
198 2425 362 2463 quantum
385 2413 506 2450 obolus
529 2413 691 2463 appendit
715 2439 726 2457 ,
761 2415 794 2449 in
817 2414 940 2449 choam

136 2464 270 2510 injicito
280 2479 291 2505 3
303 2462 570 2512 &congelascet
598 2462 694 2498 Idem
711 2462 745 2496 ἃ
761 2463 841 2498 vino
857 2474 940 2496 con-

135 2507 248 2561 tinget
272 2527 284 2553 3
317 2523 487 2560 manuque
510 2511 617 2560 ipsum
643 2510 797 2547 tractabis
820 2521 858 2546 ut
883 2523 939 2564 ce-

133 2573 225 2596 ram:
249 2559 303 2594 sed
319 2559 425 2596 altero
439 2559 494 2596 die
510 2557 663 2607 liquescit
673 2561 795 2595 denuo.
821 2561 939 2596 coelia-

135 2609 183 2645 cis
199 2608 284 2646 utile
299 2608 399 2645 datur
424 2608 622 2645 remedium.
673 2609 811 2644 Fluvius
836 2610 937 2644 etiam

135 2657 184 2696 est
199 2669 260 2706 per
275 2657 407 2694 Indiam
427 2655 539 2694 labens
557 2669 627 2692 non
644 2669 805 2706 magnus,
832 2670 857 2692 11
877 2658 939 2692 sta-

136 2707 191 2743 dia
214 2706 299 2744 latus
317 2731 330 2751 ,
355 2707 410 2741 cui
429 2705 593 2743 Indorum
617 2706 732 2754 lingua
748 2707 939 2755 Hyparcho

134 2767 283 2800 nomen,
301 2755 394 2803 quod
410 2755 658 2804 interpreteris,
675 2757 732 2803 qui
747 2757 862 2791 omnia
877 2755 938 2790 bo-

135 2817 176 2842 na
190 2803 310 2839 adfert.
335 2804 408 2840 Hic
424 2803 603 2851 quotannis
617 2815 677 2851 per
693 2816 765 2839 xxx
782 2804 851 2839 dies
868 2805 936 2839 ele-⁴

133 2853 242 2889 &rum
266 2852 387 2888 defert.
440 2853 480 2888 In
502 2852 675 2887 montibus
691 2854 782 2888 enim
803 2853 936 2888 arbores

133 2901 196 2938 esse
212 2903 308 2948 ajunt
326 2902 418 2949 aquis
441 2901 657 2938 imminentes
673 2914 680 2935 :
708 2906 803 2946 (nam
821 2900 935 2950 passim

135 2949 168 2987 in
181 2945 355 2986 montibus
369 2962 464 2998 aquae
479 2949 672 2991 demanant)
690 2949 725 2985 &
735 2959 868 2985 certum
878 2962 934 2985 an-

996 326 1031 358 ni
1051 334 1184 373 tempus
1202 328 1271 373 est,
1297 342 1365 376 quo
1382 332 1542 381 lacrymas
1558 334 1625 369 111ae
1643 346 1802 384 egerunt,

995 382 1034 406 ut
1052 375 1239 422 amygdalae
1256 387 1312 411 aut
1331 380 1449 426 pinus,
1468 392 1524 416 aut
1540 383 1574 418 id
1589 395 1695 432 genus
1712 385 1799 429 aliae,

995 420 1035 455 ad
1053 421 1237 467 plurimum
1255 438 1326 460 xxx
1342 428 1411 463 dies
1429 430 1463 463 in
1480 442 1568 466 anno
1589 445 1596 466 ε
1623 445 1699 480 quae
1716 445 1798 468 cum

992 469 1028 503 in
1047 470 1190 506 fluvium
1208 473 1370 510 decidunt
1389 478 1598 514 indurantur.
1624 481 1797 516 Arborem

992 528 1117 553 vocant
1142 520 1379 567 Siptachoram
1403 550 1415 569 ,
1448 528 1541 573 quod
1565 528 1665 562 dulce
1689 530 1737 564 est
1759 530 1796 565 δί

990 565 1096 601 suave.
1138 569 1215 603 inde
1244 569 1418 607 succinum
1445 575 1521 609 Indi
1547 577 1728 623 colligunt.
1763 578 1800 612 ὃ(

990 614 1138 650 Ηυὲὶυιῃ
1165 617 1298 654 arbores
1323 620 1435 656 ferunt
1461 635 1611 658 racemos
1634 634 1671 660 ut
1696 626 1796 667 vitis;

991 663 1027 698 ἓξ
1046 666 1134 699 acini
1154 666 1264 702 insunt
1281 693 1293 711 ,
1319 679 1357 705 ut
1381 671 1524 706 nucibus
1540 673 1701 707 Ponticis.
1754 674 1796 709 In

991 712 1167 748 montibus
1181 715 1243 750 illis
1261 720 1274 735 ²
1290 716 1444 752 homines
1459 720 1563 754 vitam
1582 732 1708 769 agunt,
1719 724 1794 770 qui-

990 760 1053 796 bus
1069 763 1227 798 caninum
1244 765 1293 800 est
1307 776 1428 813 caput:
1455 767 1491 801 ⁴&
1508 768 1647 804 ainieftus
1663 771 1796 818 gestant

992 809 1010 844 e
1028 810 1172 845 ferarum
1190 813 1332 860 pellibus
1348 839 1359 858 ,
1384 827 1446 850 nec
1466 817 1565 851 ullam
1583 819 1795 854 articulatam

992 871 1114 894 vocem
1131 862 1308 908 proferunt
1322 887 1334 907 ,
1359 863 1413 898 sed
1429 866 1497 900 ritu
1514 878 1635 900 canum
1652 867 1795 912 latrant,

992 907 1028 942 ὃ(
1046 908 1186 944 ululant.
1227 912 1343 958 Atque
1359 913 1405 947 ita
1421 926 1543 949 vocem
1561 927 1679 949 eorum
1695 917 1794 951 intel-

992 957 1115 1004 ligunt.
1148 959 1279 994 Dentes
1294 960 1358 995 illis
1373 962 1448 998 sunt
1465 964 1608 1011 majores
1623 976 1722 1011 quam
1739 977 1794 1000 ca-

989 1006 1042 1039 ni:
1068 1017 1198 1054 ungues
1213 1021 1294 1043 vcro
1313 1008 1451 1055 similes,
1476 1012 1557 1047 licet
1573 1013 1794 1060 prolixiores,

989 1053 1025 1086 ἃ
1042 1055 1115 1101 plus
1133 1056 1306 1092 turbinati.
1346 1061 1551 1108 Montesque
1578 1062 1734 1098 incolunt
1750 1064 1791 1098 ad

990 1102 1113 1137 Indum
1131 1103 1231 1151 usque
1247 1106 1401 1142 fluvium.
1428 1109 1515 1143 Sunt
1530 1109 1566 1143 &
1582 1110 1617 1144 hi
1634 1111 1742 1159 nigri,
1757 1111 1794 1146 ὃς

989 1162 1151 1198 perquam
1171 1154 1265 1198 justi,
1281 1165 1320 1189 ut
1337 1156 1372 1190 &
1392 1157 1555 1192 Indorum
1571 1163 1696 1203 ceteri,
1713 1173 1793 1195 cum

989 1199 1110 1246 quibus
1124 1201 1170 1234 eis
1186 1202 1394 1239 consuetudo
1419 1206 1610 1243 intercedit.
1662 1209 1793 1243 Intelli-

988 1258 1076 1296 gunt
1091 1249 1228 1296 quidem
1246 1263 1321 1299 qua:
1339 1253 1380 1290 ab
1398 1255 1460 1289 illis
1476 1255 1655 1291 dicuntur:
1673 1269 1798 1293 verum

989 1296 1049 1345 ipfi
1076 1297 1230 1333 disserere
1256 1312 1325 1335 non
1351 1304 1485 1350 possunt
1502 1329 1512 1348 ,
1538 1303 1592 1340 sed
1617 1305 1738 1341 latratu
1755 1306 1791 1341 ἃ

988 1346 1142 1381 manibus
1165 1346 1201 1380 &
1224 1349 1340 1397 digitis
1364 1351 1557 1400 significant
1582 1363 1620 1388 ut
1643 1353 1730 1389 surdi
1755 1355 1792 1389 ἃῖ

987 1396 1087 1429 muti.
1138 1396 1213 1430 Indi
1247 1399 1429 1446 Calystrios
1462 1403 1639 1437 nominant
1654 1428 1665 1447 ,
1698 1403 1792 1450 quod

987 1443 1122 1478 Graecis
1143 1444 1191 1478 est
1207 1445 1455 1495 Cynocephali.
1495 1450 1619 1484 Gentis
1634 1463 1794 1487 numerus

987 1491 1027 1525 ad
1042 1503 1094 1526 xu
1112 1494 1276 1540 myriades
1290 1494 1321 1529 se
1336 1496 1501 1531 extendit.
1528 1497 1584 1531 Ad
1599 1498 1711 1534 fontes
1727 1501 1791 1535 hu-

983 1540 1038 1586 jus
1055 1539 1151 1574 fluvii
1169 1541 1314 1578 nascitur
1338 1544 1401 1579 flos
1417 1557 1604 1592 purpureus
1620 1559 1689 1595 quo
1711 1562 1791 1596 pur-

989 1599 1072 1634 pura
1089 1589 1236 1637 tingitur
1251 1603 1320 1626 non
1335 1592 1500 1638 deterius,
1525 1605 1625 1643 quam
1646 1596 1791 1644 Graeca,

989 1637 1060 1670 imo
1080 1639 1212 1672 ³rnulto
1229 1639 1384 1676 floridior
1402 1641 1460 1676 est.
1485 1642 1655 1679 Creantur
1669 1645 1717 1681 ibi
1733 1647 1792 1682 be-

991 1684 1118 1730 stiolae,
1135 1697 1278 1733 quantus
1293 1689 1341 1723 est
1356 1689 1555 1735 scarabaem,
1579 1692 1703 1729 rubore
1719 1696 1792 1731 cin-

991 1732 1135 1769 nabaris:
1163 1735 1284 1783 quibus
1299 1739 1465 1788 praelongi
1482 1739 1555 1775 sunt
1574 1741 1694 1788 pedes,
1705 1745 1792 1780 mol-

990 1781 1101 1830 lesque
1116 1782 1191 1819 sunt
1208 1795 1247 1820 ut
1262 1788 1395 1822 vermis.
1434 1789 1568 1823 Harum
1587 1800 1680 1825 ortus
1695 1793 1743 1828 est
1758 1795 1795 1831 in

991 1830 1165 1867 arboribus
1180 1832 1376 1871 electriferis
1391 1861 1403 1881 ‚
1428 1849 1568 1885 quarum
1591 1839 1718 1876 fruetus
1741 1855 1792 1878 ar-

989 1879 1116 1915 rodunt
1140 1879 1177 1915 &
1200 1893 1426 1932 corrumpunt
1444 1910 1455 1927 ,
1482 1896 1519 1920 ut
1541 1888 1629 1934 apud
1648 1890 1793 1927 Graecos

990 1929 1143 1975 phthires
1168 1931 1360 1974 (volucrae)
1388 1934 1509 1969 vitium
1526 1935 1634 1982 pestis.
1661 1939 1727 1974 His
1741 1941 1793 1975 in-

988 1977 1082 2012 leeris
1098 1978 1173 2013 Indi
1190 1980 1338 2016 contusis
1353 1984 1512 2029 puniceas
1527 1984 1632 2020 vestes
1649 1985 1684 2020 &
1702 1990 1793 2024 tuni·

988 2039 1061 2071 caS,
1088 2027 1122 2061 ὅτ
1138 2029 1300 2076 quicquid
1316 2030 1422 2074 libet,
1447 2032 1645 2080 intingunt,
1672 2035 1708 2070 &
1724 2039 1792 2072 tin-

987 2075 1081 2110 &ura
1098 2076 1172 2111 liaec
1192 2078 1375 2113 meliorest
1392 2079 1530 2115 Perfica.
1558 2082 1794 2132 Cynocephali

988 2134 1149 2159 montana
1164 2125 1350 2163 incolentes
1365 2140 1434 2163 non
1450 2141 1535 2176 opus
1549 2142 1728 2177 exercent,
1739 2135 1792 2171 sed

990 2185 1032 2207 ex
1056 2175 1235 2208 venatione
1259 2175 1439 2212 vidtitant:
1471 2189 1548 2224 quae
1570 2180 1792 2228 occiderunt,

989 2222 1029 2256 ad
1047 2220 1121 2257 solis
1139 2223 1305 2259 fervorem
1323 2225 1435 2260 allant.
1463 2226 1510 2260 Et
1527 2228 1642 2263 multis
1660 2234 1793 2278 pecori-

989 2270 1051 2305 bus
1067 2271 1191 2306 alendis
1207 2272 1287 2308 dant
1303 2285 1462 2321 operam,
1489 2275 1524 2309 &
1540 2277 1628 2312 inter
1644 2278 1720 2313 haec
1735 2292 1789 2315 ca-

990 2320 1058 2367 pris
1075 2320 1109 2354 ὃ(
1127 2319 1222 2355 afinis
1242 2335 1248 2356 :
1276 2321 1465 2371 bibuntque
1490 2324 1540 2358 lac
1557 2337 1686 2361 merum
1707 2327 1742 2362 δε
1758 2342 1791 2363 a·

990 2377 1070 2402 ceto
1087 2377 1314 2417 temperatum
1332 2397 1344 2416 ,
1369 2383 1410 2406 ex
1434 2372 1564 2408 ovibus.
1613 2375 1793 2413 Fruftibnz

991 2417 1091 2452 etiam
1109 2418 1323 2466 Siptachorae
1341 2420 1431 2455 unde
1455 2420 1626 2456 succinum
1643 2424 1791 2471 exsistit,r

990 2464 1169 2502 vescuntur
1187 2494 1199 2512 ,
1225 2481 1304 2503 cum
1324 2468 1364 2503 fit
1381 2469 1570 2517 praedulcis.
1603 2472 1669 2506 His
1684 2482 1791 2508 torre-

988 2513 1081 2549 fa&is
1099 2515 1225 2563 sportas
1243 2517 1474 2552 consarcinant
1493 2543 1505 2563 ,
1530 2529 1568 2554 ut
1585 2520 1674 2567 apud
1692 2522 1791 2557 Grae-

987 2574 1046 2598 cos
1067 2563 1107 2600 fit
1123 2567 1196 2600 uvis
1211 2566 1317 2614 paffis.
1342 2566 1437 2600 Nam
1454 2578 1539 2602 rates
1555 2567 1792 2618 Cynocephali

988 2621 1110 2649 texunt
1127 2639 1140 2658 ,
1165 2615 1287 2662 quibus
1311 2614 1484 2661 impolitas
1502 2617 1638 2652 illorum
1656 2617 1793 2655 sarcina<

987 2661 1154 2698 avehunt:
1180 2663 1290 2711 deque
1307 2662 1419 2698 fruem
1437 2665 1508 2712 ejus
1526 2664 1651 2700 arboris
1670 2666 1793 2715 &pur-

988 2721 1083 2757 purae
1099 2712 1184 2746 flore
1201 2713 1242 2747 ab
1258 2711 1334 2760 ipsis
1350 2723 1541 2760 expurgato
1559 2714 1594 2748 ὃς
1610 2714 1652 2749 de
1666 2716 1791 2753 elefiho

987 2770 1080 2793 cem(
1103 2760 1229 2795 talenta
1258 2760 1395 2808 lingulis
1418 2763 1512 2796 annis
1536 2763 1729 2811 asportant:
1757 2768 1793 2803 ἃ

984 2807 1129 2842 totidem
1148 2808 1190 2841 de
1207 2809 1413 2856 pharmaco,
1440 2811 1531 2857 quod
1548 2813 1695 2859 puniceo
1712 2827 1794 2862 pan-

984 2867 1046 2889 nos
1064 2856 1181 2890 colore
1207 2856 1329 2892 inficit.
1373 2859 1478 2893 Mille
1495 2862 1596 2895 etiam
1614 2861 1729 2898 electri
1746 2874 1794 2899 tzi-

985 2904 1075 2938 lenta
1092 2905 1310 2940 anniversarie
1334 2906 1374 2940 ad
1392 2907 1558 2943 Indorum
1584 2921 1699 2958 regem
1719 2925 1791 2960 per-

985 2952 1110 2988 ferunt.
1138 2953 1262 2989 Cetera
1280 2954 1371 2990 Indis
1387 2956 1607 3003 transportata
1622 2960 1793 3002 vendunt,

1403 3005 1530 3054 ΡΡΡΡ
1558 3018 1572 3054 3
1748 3013 1787 3044 ad

172 3091 194 3109 1.
211 3082 303 3119 Omiffa
317 3093 369 3112 vox
384 3082 491 3121 sumpta
511 3083 526 3111 ὲ
541 3083 624 3120 firihx
639 3085 794 3124 negligentia&
809 3106 815 3117 ,
833 3083 849 3112 ἷι
863 3087 932 3113 nobis
946 3088 1033 3123 itaque
1047 3087 1152 3123 immiffit
1167 3098 1174 3113 :
1192 3087 1258 3125 qaod
1272 3088 1325 3115 ideo
1340 3090 1497 3118 indii-andum
1514 3114 1520 3123 ‚
1540 3102 1613 3128 quum
1628 3099 1661 3120 (J
1676 3095 1795 3132 inter-pre,-

132 3128 242 3157 accepta
258 3122 299 3147 wel
314 3121 385 3149 aliud
401 3123 452 3149 tale
466 3123 590 3159 ujurpaffe
600 3130 693 3160 potunt.
739 3133 761 3151 2.
785 3122 852 3151 Vide
867 3125 1064 3162 Agatliarcliid.
1078 3135 1137 3165 cap.
1154 3131 1196 3158 38.
1239 3137 1260 3162 ς,
1280 3129 1338 3155 inio

131 3160 167 3184 im
180 3159 348 3195 supple-vimus
355 3180 365 3193 ,
379 3168 408 3188 ut
423 3158 514 3190 edicam
527 3160 607 3189 vides.

1406 3128 1441 3156 est
1460 3131 1543 3156 ‘altem
1554 3142 1581 3156 m
1596 3132 1795 3170 excmfl0,quza
1832 3150 1834 3153 -
