2112 3621
284 241 368 292 834

285 302 343 345 ci,
369 308 469 345 quam
488 295 634 332 suaviter
650 295 853 331 Herodotus
870 294 963 330 ludat
986 296 1021 329 in
1041 294 1101 329 ista

556 226 1311 286 JAC.GRONOV11
1377 223 1666 267 NOTAE

1124 330 1126 339 A
1150 304 1206 328 tur
1230 293 1271 328 ab
1297 291 1482 327 Herodoto
1498 317 1510 336 ‚
1537 289 1605 325 five
1626 290 1661 325 in
1686 287 1832 336 fimplici
1856 287 1961 325 fuerit

286 348 411 385 vocula
430 363 487 389 τι,
520 355 558 380 ut
578 346 682 380 ctiam
706 357 767 392 per
788 356 922 379 merum
946 343 1099 391 pleonas-
1125 346 1128 399 i

1151 346 1258 377 ω’τὲνλω
1277 369 1284 380 ,
1314 341 1412 385 cujus
1432 341 1577 388 primam
1598 337 1754 375 vocalem
1774 337 1887 372 lenem
1911 337 1962 373 fe-

287 409 388 434 mum
414 398 635 442 interponat,
669 394 727 429 ubi
752 394 811 429 vix
835 393 952 428 locum
977 392 1101 428 habero
1152 393 1236 426 ecrit
1252 384 1422 425 more'luo
1442 389 1663 433 Herodotus,
1689 386 1758 423 five
1772 386 1854 435 quid
1869 386 1961 422 aliud

288 445 495 489 videbatur,
522 457 628 492 quum
649 445 683 478 in
705 444 772 478 hoc
798 443 877 477 loco
900 441 1022 477 habeat
1040 442 1098 477 ali·
1126 474 1127 478 ,
1156 440 1256 475 suerit
1275 451 1335 487 per
1350 439 1461 472 minus
1476 454 1501 472 ο.

290 507 391 542 quam
406 495 490 529 vim.
526 505 558 539 ζ,
580 505 633 528 12..
661 500 693 526 Αἱ
712 492 730 538 3
748 497 773 526 212
794 492 952 537 Azyvnla'wv
968 491 1101 532 κεφαλαὶ
1125 482 1128 501 ¹

289 544 353 579 ἕτω
363 542 401 583 δή
418 559 445 579 τι
462 544 577 594 ἰχυςοιὶ.
605 553 704 588 4,52.
732 540 834 588 Kglw'n
852 539 912 576 ἕτω
931 538 966 580 ἑή
984 557 1012 575 τι
1030 545 1102 575 εἶτα

289 592 389 639 πικρή.

339 652 465 688 52,15.
493 640 547 678 1<oe?
570 642 637 676 έὸὲυ
657 639 848 686 mmm]
882 638 995 674 Valde
1019 638 1103 673 taei-

288 701 431 726 turnum
465 700 607 738 oportet
640 689 734 723 fuisse
763 688 978 735 Stephanum
999 713 1011 732 ‚
1044 687 1102 734 qui

291 740 398 779 Laur.
413 739 526 774 Vallae
542 739 861 785 interpretationem
876 749 945 771 non
959 747 1103 782 magno-

291 800 373 835 pere
389 800 552 823 venerans
567 798 603 820 ut
618 786 699 820 nihil
715 788 836 819 omnino
853 785 1103 830 rescinderetur,

293 837 441 885 ideoque
454 837 634 882 subiiciens
649 834 732 868 nihil
743 835 932 878 lacerando,
950 833 1101 880 nuspiam

293 887 406 921 voluit
427 881 639 934 patefacere,
665 884 748 930 quid
768 883 810 919 de
831 883 896 919 isto
918 882 1102 931 participio

295 935 431 970 Graeco
452 935 623 970 statueret.
663 933 718 967 Eo
739 933 863 968 lautius
883 931 1046 968 luxuriari
1069 931 1103 964 in

295 996 337 1019 eo
357 985 468 1019 voluit
483 984 580 1018 AEm.
598 983 721 1016 Portus
736 1008 747 1026 ,
764 992 814 1023 ‘ut
834 994 905 1016 non
923 979 1031 1016 modo
1053 979 1103 1013 in-

294 1033 548 1080 terpretationis
576 1031 796 1078 Stephanicae
830 1030 1020 1077 requireret
1045 1040 1104 1063 au-

295 1080 427 1116 &orem
444 1107 455 1125 a
481 1081 534 1115 scd
550 1081 653 1115 ctiam
668 1090 761 1115 totus
781 1079 952 1115 laberetur
969 1077 1010 1112 ad
1026 1089 1103 1111 ver-

299 1129 383 1164 bum
400 1132 582 1172 Sam-rimant,
609 1129 645 1163 ἃ
662 1129 800 1176 quidem
823 1140 884 1175 per
906 1127 983 1161 haec
1004 1124 1105 1160 verba

300 1176 494 1224 [A'non‘xcxew
517 1178 760 1213 Herodoteum
783 1176 928 1212 verbum
944 1200 956 1219 ,
981 1173 1042 1209 ἐστί
1060 1189 1104 1208 τι-

299 1235 358 1269 v&
370 1228 426 1263 τοὶς
442 1229 558 1273 τύχοις
578 1231 672 1261 τίὶλειν
684 1250 695 1268 ,
708 1229 849 1269 Σσιτωτᾷν
859 1249 871 1268 ,
885 1227 1024 1268 &nanim
1050 1223 1106 1258 Ab

299 1277 415 1322 aliquo
430 1276 517 1322 pilos
529 1275 727 1317 detrahere,
749 1274 835 1321 pilos
853 1273 1020 1316 evellere,
1036 1272 1107 1307 vel-

301 1324 423 1368 licare,
436 1323 604 1372 depilarc,
620 1326 685 1358 έδὲν
703 1326 851 1358 §ammom
870 1320 891 1361 Ξ
907 1327 1014 1368 λοιγὲ,
1026 1333 1106 1356 cum

302 1372 430 1407 nullam
444 1373 570 1420 leporis
587 1382 718 1419 partem
736 1371 932 1418 depilass'et‚
957 1370 1034 1418 pilis
1046 1382 1108 1404 nu-

300 1421 416 1456 dasset.
467 1422 524 1456 Sic
545 1423 637 1455 enim
663 1421 709 1454 ibi
742 1420 927 1465 legendum
953 1418 1106 1453 videtur:

302 1482 373 1504 non
386 1479 499 1504 autem
511 1495 523 1513 ,
549 1479 587 1503 ut
602 1470 636 1502 in
654 1468 800 1515 vulgatis
818 1466 992 1502 Herodoti
1013 1466 1109 1500 codi-

301 1517 398 1552 cibus
413 1517 558 1565 legitur,
585 1517 768 1559 οἱποτείλοις,
788 1515 880 1563 quod
897 1514 938 1549 ab
960 1517 1111 1550 almi-{nm

301 1566 485 1601 deducitur
501 1591 512 1609 ‚
539 1565 631 1613 quod
646 1564 790 1599 verbum
805 1577 876 1599 non
893 1564 1063 1611 reperitur
1078 1576 1110 1598 a·

303 1614 374 1662 pud
390 1627 466 1659 eos,
494 1616 552 1662 qui
566 1614 698 1649 Lexica
711 1615 803 1648 varia
817 1611 1111 1661 conscripserunt]

306 1664 440 1700 Nonne
464 1664 541 1699 haec
564 1664 694 1711 singula
713 1663 891 1698 destruunt
911 1661 1113 1697 sententiam

302 1713 426 1748 Porti?
453 1713 542 1748 Non
555 1713 692 1760 usurpat
707 1712 911 1747 Herodotus
936 1714 1116 1754 οἱπατίνλειν,

306 1761 368 1797 nifi
383 1774 464 1797 cum
479 1762 674 1799 accusativo
689 1762 758 1806 rei,
785 1773 862 1809 quae
879 1761 1054 1796 eximitur.
1084 1771 1116 1807 3,

308 1825 321 1848 1
332 1816 354 1847 6
372 1814 395 1862 ²5}
414 1811 469 1848 τοὶς
485 1810 602 1858 τύχαις
618 1815 788 1846 dmum-w.
815 1810 889 1845 Cur
903 1819 1018 1845 autem
1034 1809 1116 1844 hinc

306 1861 369 1908 pili
382 1859 663 1896 detraherentur?
678 1860 734 1894 An
749 1859 783 1894 id
797 1859 935 1894 solitum
954 1858 1003 1893 est
1019 1856 1115 1893 fieri?

309 1908 442 1945 Nescio
459 1909 541 1956 quid
557 1910 641 1944 velit
663 1910 697 1943 in
716 1908 875 1956 negando
889 1920 969 1942 eum
983 1906 1116 1950 fecisse,

312 1958 406 2004 quod
425 1958 500 1993 fieri
513 1970 686 2006 nunquam
699 1958 793 1993 solct.
823 1958 936 1992 Immo
954 1967 1070 1992 tamen
1082 1955 1117 1990 id

312 2007 388 2042 fieri
398 2032 410 2051 ,
425 2007 519 2055 quod
531 2020 607 2043 reor
624 2019 798 2054 nunquam
811 2005 939 2042 fafitum
954 2006 1038 2050 effe,
1054 2004 1116 2040 sta·

311 2057 476 2101 tuensJo.
491 2057 684 2092 Fridericus
705 2055 1014 2104 interpretabatur:
1043 2066 1117 2087 cum

312 2106 444 2150 leporem
470 2114 540 2138 arte
569 2105 772 2151 compofixiffi’t
788 2132 796 2144 ,
824 2106 948 2150 ejusque
974 2114 1117 2137 ventrem

311 2153 478 2198 rescidtffit
497 2180 506 2193 ,
532 2156 617 2187 nulla
637 2165 730 2199 parte
755 2154 895 2200 depilata
912 2181 921 2194 ‚
949 2152 1044 2201 quod
1070 2151 1118 2186 est

311 2202 454 2249 plenum
463 2203 559 2249 joci;
586 2215 692 2250 quum
708 2203 783 2238 hae'c
797 2204 945 2238 narratio
959 2211 1119 2237 occurrat

311 2249 402 2298 apud
425 2251 594 2286 Antonin.
618 2251 735 2286 Liber.
757 2264 831 2299 cap.
852 2264 904 2287 12..
931 2255 945 2286 ὁ
964 2251 983 2297 3
1000 2251 1120 2292 odra&

312 2298 476 2345 οἱνοιῤῥῆξοες
491 2301 511 2333 ’ἳ-
529 2300 668 2347 λοιγωὲν,
699 2304 723 2349 ἦ,
742 2299 763 2339 ξ
779 2301 915 2347 affudi&
932 2300 1025 2336 ἐοιυἹὲν
1045 2302 1120 2335 σίνοι-

314 2349 435 2387 πλῆσοις
461 2353 513 2384 ἐπὶ
539 2351 567 2385 ‘1⁸
594 2354 649 2395 γῆς
669 2349 747 2385 'imno
763 2360 771 2368 ·
799 2362 870 2384 non
890 2350 994 2384 etiarn
1015 2348 1123 2383 vellus

316 2397 470 2436 nudavit.
510 2399 568 2433 Sic
586 2397 743 2433 deserunt
764 2398 828 2433 viri
848 2396 941 2433 doeh
961 2396 1123 2432 Herodo-

319 2457 396 2482 tum
412 2472 423 2491 ‚
451 2457 544 2482 certe
570 2447 691 2482 flustra
713 2459 792 2482 eum
814 2446 946 2494 scriptis
971 2455 1124 2481 onerant.

320 2495 419 2531 Mihi
432 2508 538 2543 quum
553 2496 644 2531 nulla
656 2497 850 2545 apparuerit
865 2494 1038 2531 diverfitas
1047 2494 1125 2529 scri-

323 2544 426 2579 bendi
441 2546 476 2579 in
490 2546 571 2580 MS.
588 2546 691 2580 etiam
709 2545 878 2580 succrevit
892 2544 971 2579 inde
987 2544 1071 2579 fides
1084 2543 1126 2578 de

322 2595 467 2629 veritate
493 2595 643 2642 vulgatae
669 2593 846 2638 editionis,
868 2602 906 2628 ut
928 2605 991 2628 nec
1013 2605 1055 2627 ex
1075 2592 1125 2628 su-

324 2655 500 2690 pervacuo
529 2643 700 2678 abundare
731 2642 859 2690 aliquid
887 2643 923 2676 in
954 2655 995 2677 eo
1018 2641 1127 2677 verbo

326 2693 506 2737 videatur,
531 2704 594 2727 nec
616 2691 719 2727 defici
742 2693 797 2727 vel
819 2691 917 2726 litera
936 2691 1062 2740 aliqua:
1092 2691 1127 2726 δε

328 2753 434 2788 quum
449 2743 484 2776 in
497 2741 627 2777 Graeco
646 2740 799 2776 sermone
814 2740 908 2781 ὠτᾴῑυὶ
922 2752 993 2776 non
1009 2739 1129 2787 possim

327 2790 414 2824 mihi
432 2790 609 2839 imaginari
626 2790 750 2825 veniss'e
762 2789 803 2825 ab
818 2790 900 2824 ἐτοίω
910 2806 920 2831 ;
939 2800 978 2825 ut
995 2789 1132 2834 volunt,

329 2842 412 2884 (nec
433 2839 515 2874 licet
539 2840 714 2874 Homerus
731 2839 853 2875 scribat
875 2838 1027 2884 ἐταμᾶὶόας
1051 2843 1129 2874 ὠτει-

331 2887 391 2923 λάς
405 2912 416 2930 ‚
442 2888 573 2923 idcirco
592 2888 680 2923 istud
705 2889 825 2935 utique
844 2888 976 2929 innuit)
1003 2888 1057 2923 scd
1073 2887 1130 2923 ad-

326 2935 409 2983 spiei
429 2935 552 2970 dcbcre
577 2946 616 2970 ut
634 2937 842 2972 vocabulum
866 2937 897 2971 ei
920 2935 1026 2971 simile
1046 2941 1132 2971 αἰπει-

330 2985 386 3028 λῆ,
414 2984 640 3031 undecunque
659 2987 808 3034 primum
825 3000 846 3019 u
862 2985 1015 3028 venerit,
1040 2995 1134 3020 certe

328 3033 498 3081 reliquum
525 3045 649 3080 corpus
679 3033 816 3068 videtur
841 3033 964 3067 veniffe
996 3032 1037 3067 ab
1064 3034 1132 3068 hoc

327 3083 562 3129 verbo,cujus
581 3083 722 3117 unicum
739 3091 875 3131 tempus
889 3081 985 3118 nobis
999 3081 1132 3131 praebc-

1201 500 1259 534 52,
1272 493 1325 523 16.
1353 488 1488 524 Ε’πὲθηκε
1506 489 1623 529 βιέλῖον
1641 485 1683 521 τό
1696 492 1719 521 οῗ
1738 485 1832 521 ἐδόκεε
1850 486 1963 531 {yffel-

1156 536 1256 584 dm]
1290 537 1472 582 Tanquam
1498 547 1589 569 nunc
1609 535 1727 570 cadem
1743 534 1845 569 verba
1865 534 1963 569 adhi-

1155 586 1226 621 beri
1244 595 1440 633 oporteret,
1466 595 1543 630 quae
1558 582 1728 631 usurpavit
1746 594 1778 628 3,
1790 593 1849 627 42.
1878 583 1963 628 1739?-

1159 640 1199 676 φᾴ
1220 640 1246 672 ἐς
1264 636 1384 678 &Calon
1403 631 1500 672 παῖνῗρῖ
1524 632 1566 667 τοὶ
1592 630 1748 672 nonin-ow&
1764 647 1812 676 μιν
1840 635 1888 665 οἷοι
1904 647 1963 666 κοι-

1157 684 1355 723 ταλελοὶἒηκε
1373 694 1379 700 ·
1414 682 1535 727 >gai-,Loca
1561 681 1580 727 ’3
1607 686 1634 718 ἐς
1661 680 1803 725 ΑἴγυπἹον
1830 680 1964 719 ἐπέθηκε.

1159 732 1273 768 Etiam
1284 731 1443 778 ἐγκοίφω
1454 731 1555 765 habet
1568 743 1605 776 4,
1616 741 1656 771 91
1667 757 1674 764 .
1693 729 1759 765 Sed
1776 741 1869 764 nunc
1883 741 1966 776 pro-

1156 782 1200 816 be
1216 782 1297 816 MS.
1315 782 1426 820 ἐσέθηκε
1445 782 1562 821 βιζλίον
1590 778 1712 825 >eoldum
1738 777 1780 813 τοί
1804 785 1829 812 οἱ
1855 777 1966 813 ἐδόκεε.

1157 831 1215 865 Sic
1232 830 1306 864 sane
1315 840 1398 863 mox
1416 829 1458 863 de
1469 829 1585 876 Cyro,
1611 828 1731 872 καὶψοος
1746 831 1774 863 ἐς
1789 829 1910 870 βιζλιόν
1921 826 1966 862 τα)

1156 879 1283 914 ἐξέλξω
1333 877 1443 920 Quod
1467 888 1582 913 autem
1603 878 1692 913 infra
1715 877 1907 924 Stephanus
1928 877 1965 912 in

1157 927 1312 975 margine
1333 926 1480 962 ostentat
1502 926 1672 974 adroxdejy
1688 951 1701 970 ‚
1727 925 1761 961 id
1781 937 1888 974 quum
1910 926 1966 961 vi-

1157 976 1273 1011 derem
1292 986 1432 1022 quoque
1448 976 1484 1009 in
1504 975 1585 1010 MS.
1608 975 1794 1019 Mediceo,
1821 974 1966 1022 probare

1156 1024 1284 1069 debui,
1308 1035 1415 1072 quum
1431 1025 1534 1058 etiam
1550 1035 1624 1071 cap.
1643 1034 1710 1069 140
1726 1023 1850 1058 scribat
1865 1023 1968 1070 μάγοι

1162 1074 1256 1115 miv&
1273 1073 1441 1119 oeu'roxdgjy
1460 1072 1584 1118 n‘leivsct.

1207 1126 1330 1169 52,26.
1361 1129 1431 1157 Θεοὶ
1447 1121 1625 1168 anaema]
1636 1121 1773 1157 Multus
1789 1119 1886 1157 estin
1900 1121 1966 1158 hac

1156 1171 1295 1220 paralysi
1323 1186 1358 1205 εω
1382 1171 1582 1207 celebranda
1608 1172 1731 1207 Portus
1756 1171 1792 1206 in
1817 1170 1970 1216 Lexico‚

1159 1221 1387 1268 producitque
1409 1230 1483 1255 tum
1507 1222 1591 1266 ὁρέων
1609 1244 1622 1262 ,
1651 1230 1727 1256 tum
1752 1221 1863 1266 606ng
1898 1221 1970 1256 hoc

1160 1269 1269 1318 ipsum
1290 1269 1360 1304 illic
1385 1268 1544 1303 omissum
1566 1268 1665 1304 affert
1686 1272 1724 1304 in
1744 1273 1869 1315 Ε’πορᾷν
1885 1295 1898 1313 ,
1931 1269 1969 1305 8<

1160 1331 1262 1367 prave
1275 1319 1408 1354 curavit
1421 1317 1520 1352 scribi
1533 1320 1690 1364 ἐπωςὲωζζι.
1719 1317 1785 1354 Sed
1801 1317 1970 1365 quidquid

1163 1367 1224 1412 fit,
1251 1376 1410 1415 potuerat
1430 1378 1554 1401 tacere.
1582 1367 1679 1402 Nam
1700 1367 1735 1402 id
1753 1366 1970 1403 adsciticium

1164 1417 1211 1451 est
1226 1418 1294 1452 hoc
1312 1417 1391 1451 loco
1404 1440 1416 1459 ,
1444 1415 1479 1449 ἃ
1496 1415 1719 1451 Herodotum
1739 1414 1901 1463 scripsisse
1916 1427 1970 1452 te-

1165 1465 1267 1500 statur
1283 1463 1434 1511 optimus
1450 1465 1530 1500 MS.
1546 1467 1682 1512 ἐποςῶζζι.
1707 1465 1754 1501 Et
1773 1478 1835 1513 pro
1849 1469 1971 1502 οἱπίκνεσ

1166 1513 1277 1548 statim
1293 1512 1403 1547 οὸπίκώ
1422 1537 1430 1550 ,
1457 1513 1579 1547 omiffo
1594 1529 1606 1546 ν
1617 1537 1628 1553 ,
1653 1524 1693 1549 ut
1704 1513 1801 1561 supra
1815 1514 1971 1560 οἱμῦητοα,

1167 1561 1203 1596 ὃζ
1216 1574 1290 1610 cap.
1310 1571 1386 1606 153.
1412 1560 1529 1604 iugula.
1559 1561 1862 1597 Terminationem
1883 1576 1971 1611 quo-

1167 1624 1233 1659 que
1247 1621 1286 1646 ut
1300 1609 1412 1645 Ionici
1428 1608 1551 1656 saporis
1563 1608 1766 1643 monstravit
1773 1611 1899 1646 Portus
1913 1623 1974 1646 va-

1168 1661 1226 1696 riis
1241 1661 1275 1695 in
1293 1658 1535 1707 speciminibus
1548 1682 1561 1702 ‚
1585 1656 1641 1692 sed
1660 1657 1730 1693 hoc
1750 1657 1861 1706 ipsum
1876 1658 1918 1698 ab
1930 1671 1974 1696 eo

1168 1710 1368 1757 negligitur.

1218 1756 1344 1802 52‚28.
1369 1756 1423 1791 τᾶν
1440 1759 1532 1791 {afim}
1549 1753 1682 1803 φονέα]
1716 1754 1801 1791 Hoc
1819 1766 1891 1792 non
1909 1769 1977 1805 po-

1167 1807 1232 1843 test
1247 1807 1344 1842 aliter
1355 1805 1527 1854 intelligi,
1537 1818 1638 1853 quam
1655 1805 1697 1841 de
1710 1817 1772 1850 eo,
1788 1805 1890 1852 quise
1905 1807 1979 1854 ipse

1169 1855 1356 1891 interficit:
1385 1856 1478 1902 quod
1500 1854 1591 1890 nulla
1609 1855 1742 1890 ratione
1760 1855 1831 1890 huc
1848 1866 1979 1893 conve-

1170 1907 1242 1950 nit,
1268 1915 1307 1941 ut
1320 1918 1350 1944 c.
1365 1915 1444 1945 129.
1459 1905 1492 1939 τὲ
1505 1906 1602 1939 {cub-cg
1616 1908 1741 1941 δε-ἳπυον.
1769 1903 1917 1953 Sedjam
1934 1905 1979 1943 fi-

1167 1955 1258 1993 milis
1272 1954 1418 2003 pravitas
1435 1954 1469 1988 in
1484 1952 1727 1990 consideranda
1742 1954 1807 1990 hac
1822 1966 1912 1990 voce
1926 1955 1979 1992 fa-

1169 2004 1293 2051 tigavit
1308 2015 1369 2038 nos
1385 2012 1492 2038 antea.
1525 2004 1647 2050 Itaque
1661 2003 1912 2049 emendandum
1927 2004 1978 2041 est

1172 2054 1191 2086 ἑὲ
1207 2056 1316 2088 σεωϋτὲ
1331 2055 1428 2098 φονέα.
1442 2075 1454 2094 ,
1481 2051 1574 2099 quod
1594 2063 1758 2099 perquam
1774 2051 1977 2100 tempestive

1172 2101 1271 2137 nobis
1288 2099 1478 2148 suppeditat
1498 2101 1624 2135 eximia
1643 2100 1840 2136 membrana
1857 2101 1977 2136 Medi-

1173 2163 1232 2186 cea
1245 2176 1257 2196 ‚
1284 2150 1319 2186 &
1340 2149 1386 2185 fic
1408 2149 1631 2196 intelligimus
1647 2174 1661 2194 ,
1686 2159 1743 2184 tuae
1761 2151 1846 2184 necis
1867 2150 1978 2184 auffu-

1173 2212 1251 2234 rem.
1874 2220 1879 2225 ·

1223 2260 1279 2297 52,
1291 2245 1345 2295 38.
1373 2244 1450 2284 Ε”ςοιι
1468 2262 1511 2282 τοι
1528 2245 1570 2282 ταὶ
1583 2245 1618 2280 σὰ
1634 2246 1773 2293 βέλεα]
1794 2247 1916 2283 Potuit
1931 2247 1978 2284 fic

1174 2298 1291 2334 dixiss'e
1305 2298 1347 2332 de
1360 2296 1476 2331 futuro
1485 2296 1676 2344 Harpagus.
1701 2295 1880 2332 Caeterum
1895 2297 1980 2334 MS.

1175 2348 1279 2384 habet
1294 2350 1336 2384 ἐς)
1352 2345 1392 2381 τοὶ
1406 2345 1441 2378 σι)
1455 2344 1575 2387 βέλεα».
1600 2344 1710 2390 Qod
1726 2356 1765 2381 ut
1778 2345 1876 2381 estin
1889 2358 1979 2394 prae-

1175 2397 1258 2433 senti
1274 2423 1286 2443 ‚
1312 2398 1358 2431 ita
1375 2394 1448 2429 sane
1470 2393 1619 2429 efficacia
1634 2395 1706 2442 ejus
1727 2394 1776 2430 est
1791 2395 1982 2430 vehemen-

1176 2448 1271 2490 tio1·;
1299 2445 1335 2480 &
1356 2443 1470 2492 potuit
1493 2442 1537 2478 fic
1556 2444 1659 2478 etiam
1682 2443 1870 2491 promisisse
1887 2444 1980 2480 Har-

1178 2509 1284 2545 pagus
1298 2521 1310 2540 ‚
1334 2503 1373 2529 ut
1387 2492 1447 2541 qui
1466 2493 1582 2527 omnia
1600 2492 1641 2527 ad
1657 2493 1872 2529 voluntatem
1892 2492 1981 2529 defi-

1177 2547 1298 2582 cientis
1311 2544 1357 2579 ita
1372 2551 1617 2589 praeparaverat
1627 2567 1640 2586 ‚
1666 2553 1735 2589 quo
1749 2554 1819 2577 non
1834 2552 1904 2577 tam
1919 2541 1981 2577 de-

1179 2595 1321 2631 siderare
1335 2590 1517 2639 quidquam
1532 2615 1543 2634 ,
1571 2590 1606 2625 ὃ(
1622 2603 1686 2638 pro
1699 2589 1818 2627 futuro
1832 2601 1924 2627 certe
1937 2588 1980 2626 fi-

1179 2645 1215 2680 bi
1233 2641 1385 2692 polliceri
1404 2664 1416 2682 ,
1441 2638 1495 2673 scd
1513 2640 1628 2686 potius
1647 2638 1742 2675 velut
1760 2637 1979 2688 praesentibus

1181 2694 1233 2728 uti
1248 2691 1366 2740 pofl'ct.
1394 2688 1441 2722 Et
1456 2687 1504 2722 cst
1523 2689 1703 2735 egregium
1717 2689 1753 2724 in
1773 2689 1824 2724 his
1842 2698 1980 2734 tempo-

1180 2741 1271 2777 ribus
1290 2736 1486 2785 exemplum
1513 2748 1587 2783 cap.
1612 2742 1689 2772 126.
1721 2735 1904 2782 Βελοώμόιζι
1923 2734 1982 2783 μᾏέ

1181 2793 1247 2835 ἐμέο
1264 2787 1389 2828 πείθεοῧζζ
1405 2811 1416 2830 ,
1443 2787 1502 2824 ἕζευ
1521 2787 1597 2821 τάδε
1625 2801 1658 2821 τε
1685 2785 1709 2823 ἓ
1731 2786 1806 2823 αἴγλα
1820 2784 1926 2831 μόρρια
1942 2788 1982 2820 03-

1182 2839 1290 2886 γοίθοὶ,
1315 2839 1406 2872 έδὲνοι
1421 2836 1715 2882 πένονβελοπξεπὲω
1729 2835 1835 2880 ἕχκζι·
1861 2832 1904 2879 μή
1920 2836 1982 2877 [3⁸-

1182 2886 1328 2933 λομᾶζίοιζι
1346 2886 1385 2932 3,
1408 2887 1459 2918 εἰσὶ
1475 2887 1541 2927 ἁμῖν
1557 2885 1636 2919 πόνοι
1651 2887 1693 2928 τῷ
1707 2884 1806 2929 χθιζῷ
1823 2881 1983 2926 ιωῖεφπλῆ·

1182 2952 1234 2971 caaz
1252 2934 1454 2978 dvocspfflyrsor.
1488 2934 1545 2967 Sic
1560 2932 1698 2980 quidem
1710 2931 1782 2966 illic
1797 2931 1853 2966 vel
1869 2931 1983 2966 edito-

1182 2985 1273 3020 ribus
1288 2983 1343 3018 vel
1360 2993 1437 3017 ante
1451 2994 1508 3016 cos
1520 2982 1590 3017 aliis
1602 2979 1744 3015 librariis
1758 2978 1860 3014 libuit
1873 2980 1985 3016 exsta-

1182 3045 1217 3068 re
1230 3058 1242 3077 ,
1269 3042 1427 3078 tanquam
1448 3029 1594 3066 formosa
1615 3028 1696 3063 esset
1715 3029 1793 3063 haec
1815 3031 1986 3077 temporis

1181 3082 1336 3121 variatio:
1355 3091 1460 3127 quum
1478 3078 1543 3127 ipsa
1557 3076 1780 3125 oppositionis
1794 3079 1881 3113 ratio
1895 3079 1981 3115 utri-

1917 3139 1989 3176 quc-
