2112 3621
288 203 378 246 ET
417 203 814 248 OBSERVAT.
858 205 938 246 IN
974 206 1354 251 HERODOT.
1399 212 1511 252 Lis.
1544 208 1662 252 Vm.

1755 216 1835 267 987

144 281 229 317 472,
243 284 276 313 9.
303 279 353 318 τῷ
366 274 522 319 χρηςηρλῳ
540 287 573 307 τε
591 272 742 317 πᾴθέμενοι
763 275 785 320 ιζ,
807 271 944 317 βελέμε-
997 275 1051 308 cio
1071 274 1110 308 fit
1127 274 1256 310 fruitus.
1297 278 1361 311 Iste
1378 289 1488 313 autern
1507 280 1558 313 vii·
1576 277 1779 314 doetiffimus
1796 280 1840 314 fic

97 334 135 354 νοι
153 322 337 367 Ameana]

96 363 203 413 runt,
230 368 253 403 fi
270 369 492 403 Herodotum
514 367 703 416 specstarunt
719 390 732 414 5
757 368 943 404 debuissent

96 416 279 463 posteriora
311 418 424 464 potius
455 417 656 452 convertisse
690 418 724 451 in
750 418 940 465 negativam

95 464 241 499 formam
258 465 325 499 hoc
344 465 447 499 modo
465 489 477 508 3
504 469 527 514 ’S
549 468 566 500 ἐ
582 466 746 512 βελᾶμενοι
763 466 941 500 dvassm'vm.

96 512 150 547 Ita
172 515 263 548 enim
288 513 407 548 crebro
434 514 587 560 procedit
613 516 683 561 ejus
714 514 824 561 stylus.
874 513 940 548 Sed

96 571 200 608 prout
215 574 304 597 nunc
329 562 489 610 leguntur
504 562 564 597 ista
577 586 589 607 ‚
616 558 708 598 certe
727 563 779 597 vel
801 571 860 597 aut
885 561 939 595 illa

95 609 198 645 vei-ba
223 611 389 656 πειθόμενοι
414 616 437 659 ²}
465 620 523 645 aut
545 613 609 647 tria
638 611 807 659 sequentia
832 609 939 644 videri

95 659 231 705 poffunt
248 684 260 703 .,
286 660 393 694 immo
415 659 539 694 debent
562 659 691 707 prorsus
717 658 935 706 supervacua3

95 706 149 741 vel
175 720 218 742 ex
240 707 366 742 indicio
389 708 580 754 interpretis
603 708 720 742 Latini
748 707 938 742 omittentis

96 754 168 790 lime
193 756 284 803 quod
310 755 445 803 spernit.
484 756 583 790 Unde
600 756 635 791 in
658 768 700 790 eo
724 765 816 790 totus
834 768 936 799 eram,

96 815 136 837 an
154 816 223 838 non
244 804 270 838 is
284 803 401 852 egisset
415 814 563 848 temere,
589 804 625 838 ὃς
640 804 729 839 redte
745 805 814 838 duo
832 817 936 852 pone-

93 861 211 887 rentur
225 876 237 896 ,
262 864 407 899 quorum
424 853 515 900 prius
532 854 714 901 pertineret
733 853 772 887 ad
790 855 936 896 animos,

92 900 257 947 posterius
267 900 307 934 ad
325 900 600 948 exsequutionem
611 903 708 948 ‚qaod
722 901 936 946 perfimderen-

93 956 147 982 tarr
161 951 278 984 oraculo
295 949 336 988 {9³
351 951 464 984 vellem
481 949 605 996 obftqui.
646 950 711 985 Sed
729 951 870 985 Latinus
886 951 935 985 in-

93 1006 221 1045 terpres
246 997 335 1032 haud
359 997 462 1032 dubie
484 997 639 1046 sequutus
668 999 732 1033 fuit
758 998 936 1034 aucitorita-

94 1054 165 1080 tem
181 1047 343 1092 majorem
361 1045 397 1080 &
413 1056 560 1081 veterem
580 1068 592 1092 5
618 1047 653 1082 &
676 1047 782 1081 forsan
805 1059 846 1080 ex
870 1048 936 1082 hoc

94 1093 163 1141 ipso
181 1096 260 1129 MS.
279 1096 365 1130 libro
383 1096 523 1142 petitam
542 1120 553 1139 ‚
579 1096 705 1143 quippe
723 1097 779 1142 qui
803 1096 937 1143 ignorat

93 1143 206 1190 priora
223 1142 312 1186 duo3
339 1143 379 1179 ad
396 1155 496 1190 quem
513 1143 640 1179 acceffi.
665 1144 770 1178 Certe
786 1145 936 1178 Lauren-

93 1192 179 1225 tium
196 1193 230 1228 V
233 1192 329 1227 allam
346 1192 381 1226 &
398 1192 482 1226 lianc
498 1194 568 1240 ejus
581 1192 767 1227 v'erfionem
778 1192 937 1226 Latinam

93 1240 264 1287 ignoravit
282 1240 471 1289 Stephanus
487 1265 498 1283 ‚
523 1241 582 1289 qui
606 1250 675 1275 tam
699 1239 803 1275 libere
828 1240 870 1275 de
895 1253 936 1275 eo

92 1298 306 1336 pronunciat.

98 1342 101 1346 “
142 1349 226 1384 472,
240 1350 291 1372 io.
317 1337 447 1375 Κοάτέτκ
462 1331 589 1383 εἵνεκα-ἶ]
619 1336 732 1387 MS&
749 1340 817 1373 τὲἕε
833 1338 935 1372 εἵνεκα.

92 1385 235 1434 Cap.76
251 1390 342 1420 τῶνδε
358 1386 462 1421 εἵνεκα.

138 1445 288 1480 472‚14.
316 1434 482 1480 ι’πιμῖαίιω
500 1434 651 1481 τελέει-μ]
679 1434 758 1469 MS.
779 1435 936 1480 ἑᾭι-,μῖιόιω

93 1482 283 1518 &artuum
309 1483 498 1530 Aliquoties
512 1483 598 1517 hanc
613 1484 853 1530 repetitionem
870 1484 937 1530 pri-

92 1543 160 1565 mae
176 1530 307 1578 syllabae
330 1530 612 1578 deprehendimus
625 1556 637 1574 ‚
663 1532 803 1565 omnino
820 1531 936 1566 mode-

93 1579 228 1614 randam
244 1592 286 1614 ex
304 1579 372 1613 fide
386 1579 581 1623 vetustatis,
594 1579 683 1614 unde
698 1579 777 1614 alibi
795 1592 862 1614 non
880 1580 937 1614 ad-

92 1626 243 1663 misimus
259 1641 266 1662 :
294 1639 372 1662 nam
392 1638 481 1661 nunc
498 1627 634 1674 quidem
652 1629 799 1662 maxime
815 1629 938 1676 placet.

93 1675 269 1711 Caeterum
307 1676 474 1721 Ε’πιμίωίοι
505 1675 565 1711 ista
593 1676 798 1712 illustrantur
822 1678 857 1711 in
883 1677 936 1712 Cl.

94 1724 238 1760 Meurfii
255 1725 391 1759 Graecia
406 1725 434 1759 F
436 1724 537 1760 eriata
552 1726 588 1759 in
603 1727 766 1770 Νιςμῖωίκ.

139 1784 224 1818 472,
239 1774 290 1807 18.
319 1772 433 1808 Μσῖὶλίν
451 1789 479 1807 τι
498 1780 522 1808 οἱ
539 1775 690 1809 Α’Θῖωαῖἰοι
714 1779 738 1824 νζ]
759 1774 936 1821 προθυμίτξ·

94 1821 173 1870 ξομ]
204 1820 419 1870 Adjetffivum
436 1822 504 1856 hoc
519 1821 605 1869 saepe
625 1823 763 1858 adhibet
778 1824 937 1858 Herodo-

94 1882 147 1908 tus
157 1897 168 1915 ,
178 1871 279 1905 etiam
297 1870 375 1905 inde
390 1871 500 1905 oriens
515 1869 708 1906 adverbium
721 1896 732 1916 ‚
744 1881 781 1906 ut
798 1884 859 1919 pro
875 1872 937 1907 bo-

94 1934 139 1956 no
155 1918 274 1954 debeat
291 1918 489 1962 haberi,sed
505 1931 573 1954 non
590 1920 658 1954 hoc
673 1920 838 1964 10c0‚ubi
854 1921 938 1970 legit

95 1969 177 2004 MS.
202 1971 226 2017 ιζ,
253 1968 398 2013 σθ’-τερον
415 1992 426 2011 ,
451 1967 548 2002 &ita
570 1968 638 2016 legi
660 1968 760 2004 debet
777 1995 788 2013 ,
815 1970 940 2017 quippe

95 2029 164 2065 quo
173 2017 275 2065 longe
285 2017 403 2051 clarius
412 2016 614 2063 exprimitur
623 2017 678 2052 illa
688 2019 936 2065 promptitudo.

140 2076 293 2111 472,19.
320 2064 586 2111 Α’πολελοιπιῑης]
609 2066 686 2100 MS.
703 2069 939 2106 ὡπλελειποιής.

140 2126 226 2160 472,
241 2127 297 2160 40.
331 2112 462 2155 Δωμκᾶν
488 2129 520 2148 τε
545 2118 570 2162 ᾖ
590 2116 789 2149 Μακεδονικὰ
810 2117 936 2163 ἐ’Θν(ῷ-’.]

94 2162 319 2199 Infelicissima
328 2161 474 2197 Uranie!
492 2162 625 2209 quando
641 2162 704 2197 tibi
717 2163 939 2211 Mnemosyne

94 2212 278 2248 inculcavit
305 2212 391 2246 hanc
416 2210 649 2258 genealogiam
666 2211 679 2245 ?
706 2213 777 2246 Hic
794 2212 886 2246 locus
904 2225 937 2247 e-

93 2270 165 2305 rat,
183 2261 242 2296 ubi
257 2260 299 2295 de
315 2258 496 2294 mendaciis
510 2260 599 2294 circa
611 2260 825 2294 Herodotum
845 2261 937 2308 loqui

93 2308 262 2345 debebant
272 2309 332 2352 illi,
343 2309 400 2355 qui
419 2307 511 2355 quod
527 2306 748 2343 absurdissime
765 2308 825 2354 ipfi
843 2321 937 2343 com-

93 2359 238 2393 mittunt
253 2382 264 2401 ,
289 2356 443 2392 certatim
469 2355 618 2403 gaudent
644 2356 678 2390 in
694 2358 758 2391 alio
775 2357 937 2392 accusare.

94 2406 179 2441 Hoc
193 2406 284 2440 enim
300 2404 512 2439 mendacium
527 2403 575 2438 est
589 2404 850 2452 patentiffimum
860 2430 871 2448 ,
881 2417 938 2442 aut

93 2454 181 2489 ullos
197 2455 232 2488 in
240 2451 470 2501 Peloponneso
486 2451 608 2487 ducere
623 2454 789 2501 originem
808 2466 849 2488 ex
861 2455 937 2490 Ma-

95 2503 258 2546 cedonia,
273 2512 330 2537 aut
346 2501 506 2536 Erineum
523 2500 559 2535 &
577 2500 720 2536 Pindum
737 2510 793 2537 aut
809 2505 938 2549 portio-

96 2564 174 2586 nem
186 2549 372 2599 Dryopidis
388 2549 527 2584 attribui
543 2549 635 2596 poffe
652 2551 865 2585 Macedoniae
882 2561 938 2586 aut

95 2611 244 2647 unquam
261 2597 386 2633 faffitum
413 2598 487 2632 esse.
536 2599 635 2647 Lege
649 2611 747 2647 capp.
766 2611 811 2644 72
831 2599 865 2633 ὃς
882 2613 937 2646 73:

95 2649 182 2684 nihil
196 2648 350 2695 reperies.
376 2647 457 2681 Hoc
473 2645 785 2696 Chronologiarum
802 2647 938 2693 stolida,

97 2699 164 2733 hoc
176 2697 376 2742 Judaeorum
400 2694 580 2742 spretiones
604 2696 707 2744 longe
722 2695 876 2744 superat:
903 2698 938 2732 δε

96 2755 210 2782 tamen
226 2744 379 2779 faverunt
397 2744 445 2778 illi
459 2742 599 2779 leetores
617 2757 732 2779 omnes
748 2745 828 2779 huic
844 2757 938 2780 men*

96 2795 194 2830 dacio
211 2819 223 2838 ,
248 2792 338 2840 quod
355 2792 539 2840 potuissent
553 2792 686 2828 abolere
701 2818 713 2837 ,
739 2792 763 2827 fi
779 2793 812 2827 id
828 2793 937 2841 putas-

95 2843 166 2879 sent
189 2854 273 2890 opus
297 2841 466 2876 bonorum
492 2841 678 2877 studiorum
702 2841 836 2890 abigere
859 2843 938 2877 hine

96 2892 215 2927 inania.
266 2889 333 2924 Sed
347 2889 474 2925 vanitas
498 2891 623 2937 garrire
638 2890 751 2925 docet.
801 2891 896 2933 Quin
915 2891 939 2926 fi

95 2939 268 2975 discess'ero
285 2937 326 2974 ab
342 2950 410 2972 uno
430 2938 557 2974 Erasini
575 2939 757 2987 Vindingii
774 2939 938 2984 Hellene,

96 2988 208 3035 (quod
223 2987 329 3022 solum
346 2988 382 3021 in
395 2998 437 3021 eo
453 2998 559 3034 quum
574 2999 742 3022 cernerem
754 3012 765 3030 ‚
790 2987 938 3036 digniffi·

96 3048 192 3071 mum
222 3036 334 3071 censui
356 3060 368 3079 ‚
403 3036 460 3082 qui
492 3034 667 3071 Thesauro
699 3037 936 3083 antiquitatum

95 3085 293 3120 Graecarum
309 3083 523 3126 insereretur)
538 3084 667 3119 nullum
683 3085 856 3119 nominare
865 3084 938 3132 pos-

95 3132 167 3170 sum
183 3156 195 3175 ,
219 3133 301 3180 quin
316 3133 384 3171 hoc
402 3142 497 3169 tanto
514 3140 651 3182 tamque
672 3143 789 3181 aperto
803 3133 936 3169 menda-

365 321 439 365 Qii
456 322 542 355 hanc
565 320 745 354 lectionem
761 320 944 354 concinna-
998 320 1125 369 scripiit
1150 325 1299 358 column.
1322 339 1396 370 330.
1433 328 1564 368 Δωρμέν
1583 344 1614 362 τε
1641 332 1663 376 »ὲ
1688 332 1840 362 Μακεδνμ

997 394 1021 414 ,,
1030 372 1086 404 κᾶν.
1118 373 1174 406 Sic
1191 373 1268 420 lego
1285 387 1346 420 pro
1365 377 1564 410 Μακεδονικῶν
1580 388 1621 410 ex
1639 375 1708 423 ipso
1726 376 1840 410 Hero-

996 442 1019 461 ‚.
1029 418 1112 454 doto
1127 445 1138 463 ‚
1165 422 1220 454 cui
1236 422 1329 456 Gens
1349 423 1476 457 Dorica
1492 424 1617 458 dicitur
1634 424 1790 459 habitall'c
1807 429 1839 458 ὸν

995 490 1020 509 9,
1030 471 1125 512 Πίνδῳ
1145 471 1295 503 Μακεδνδν
1311 472 1509 516 καλεόμενον,
1525 472 1558 504 ¹&
1571 473 1742 516 Stephano
1753 498 1765 516 9
1783 473 1838 507 cui

995 538 1018 568 ,2
1029 518 1180 550 Μακεδνὸν
1197 517 1308 562 χωρίον
1328 524 1357 553 ὸν
1377 523 1484 564 Πίνδῳ.
1512 520 1707 554 Politiffime
1725 521 1838 568 profe-

994 567 1050 596 Cto
1066 564 1207 599 eximius
1225 566 1280 600 ille
1300 567 1350 600 vii·
1368 567 1474 602 eradit
1497 568 1577 602 hinc
1594 568 1723 602 literam
1742 586 1774 612 o,
1802 569 1838 602 ὃ(

993 610 1096 659 longe
1112 613 1207 647 aliam
1227 615 1402 662 regionem
1419 615 1563 650 ostendit
1581 614 1741 659 describi,
1769 629 1838 651 non

995 659 1233 695 Macedoniam
1260 664 1358 696 nimis
1382 664 1459 697 inde
1477 664 1664 698 distantem.
1716 665 1780 699 Sed
1800 678 1838 699 o·-

993 719 1165 753 portuerat
1191 709 1296 756 ipsum
1317 710 1413 746 simul
1438 712 1584 746 docuiss‘c
1600 736 1611 756 ,
1637 711 1726 747 unde
1744 723 1837 760 pete·
1861 739 1863 741 -

993 766 1043 791 ret
1060 757 1145 792 illud
1164 758 1292 806 gentile
1310 761 1613 807 Moexesvina‘v‚quod
1632 760 1753 796 sciebat
1768 774 1837 795 non

992 805 1095 839 modo
1111 808 1258 854 nuspiam
1277 819 1473 852 occurrere,
1499 809 1551 843 sed
1568 821 1608 843 ex
1626 809 1752 844 indicio
1762 810 1836 845 Ste-'

991 853 1091 900 phani
1103 855 1192 889 claro
1209 855 1370 890 didicerat
1387 858 1419 891 τὲ
1436 859 1538 892 &Zur-m
1555 860 1656 902 ὁμοίως
1669 861 1833 892 ivrandvm,

994 903 1060 937 Hic
1077 903 1319 950 igiturjffi'titet
1334 904 1365 939 sc
1380 905 1460 939 licet
1478 906 1531 940 illa
1549 904 1717 952 splendida
1729 918 1835 940 mem-

990 950 1090 985 brana
1109 952 1266 986 Mcdicea
1292 952 1377 987 libro
1398 966 1458 988 vui
1486 953 1654 988 Herodoti
1680 953 1834 989 restituto

992 999 1129 1046 perinde
1143 1011 1181 1035 ut
1197 1001 1330 1045 reliquis
1348 1001 1634 1049 praeccdentibus‚
1657 1002 1754 1049 plane
1770 1002 1834 1037 ser—

991 1060 1069 1082 vans
1084 1049 1167 1083 nihil
1183 1049 1272 1084 aliud
1290 1050 1350 1084 nifi
1371 1052 1595 1093 Manedn‘vstx
1613 1062 1676 1097 qua
1688 1052 1757 1098 jam
1776 1064 1836 1098 per

990 1096 1208 1144 quadraginta
1224 1110 1326 1133 annos
1344 1100 1390 1134 ita
1414 1099 1525 1134 solitus
1552 1099 1598 1133 fui
1616 1098 1835 1134 Herodotum

991 1144 1111 1192 legere.
1138 1147 1231 1180 Nam
1248 1159 1364 1181 verum
1381 1148 1424 1182 est
1435 1173 1446 1192 ,
1471 1147 1562 1195 quod
1580 1146 1620 1181 de
1636 1147 1756 1195 gentili
1772 1160 1835 1182 no-

992 1193 1074 1226 tavit
1084 1193 1283 1240 Stephanus.
1308 1196 1363 1230 Sic
1378 1198 1468 1230 enim
1485 1195 1603 1244 Odyss'.
1621 1212 1649 1239 η,
1667 1200 1729 1230 106
1747 1195 1835 1231 dixit

992 1240 1165 1275 Homerus
1181 1245 1327 1286 μακεδνῆς
1343 1248 1393 1288 αἱ)
1401 1246 1480 1290 elgaro
1491 1269 1501 1286 ,
1526 1255 1624 1290 quem
1644 1244 1758 1278 locum
1773 1257 1834 1279 no-

990 1289 1039 1323 vit
1057 1289 1092 1322 8<
1110 1290 1216 1324 Henr.
1235 1292 1423 1337 Stephanus
1440 1317 1452 1334 ,
1483 1303 1559 1326 curn
1586 1292 1714 1337 reliquo
1738 1304 1833 1327 com-

990 1339 1213 1373 mentantium
1230 1339 1359 1388 populo
1375 1340 1564 1387 intelligens
1581 1341 1727 1384 μακςᾷν,
1749 1353 1834 1387 quo-

991 1386 1094 1420 medo
1127 1388 1228 1421 etiam
1264 1388 1429 1423 intellexit
1453 1388 1667 1437 Lycophron
1693 1387 1834 1423 scribens

992 1437 1157 1471 Mandrai?
1180 1440 1263 1480 ἀμφὶ
1280 1439 1399 1482 Κιρκαὶε
1417 1437 1520 1473 νάπαις,
1571 1436 1635 1470 Sed
1651 1446 1742 1470 CCl'tC
1760 1438 1835 1471 Ho-

990 1496 1099 1517 merus
1115 1486 1228 1530 potuit
1244 1497 1379 1531 quoque
1396 1484 1592 1518 intellexisse
1610 1485 1677 1518 hoc
1693 1486 1834 1532 gentile,

991 1542 1028 1566 ut
1045 1532 1202 1566 innuatur
1216 1533 1359 1580 populus
1375 1545 1416 1567 ex
1435 1532 1606 1567 Macedno
1622 1544 1714 1579 agro.
1750 1534 1833 1568 Cer-

991 1589 1025 1614 te
1050 1580 1165 1614 locum
1198 1581 1297 1615 istum
1330 1581 1465 1616 videtur
1496 1580 1670 1627 respexisse
1695 1581 1832 1626 Suidas‚

990 1641 1094 1676 quum
1120 1630 1219 1675 ponit
1242 1634 1410 1668 Μακεδνῆς.
1458 1630 1514 1664 An
1538 1629 1664 1676 reliqua
1689 1641 1765 1676 quae
1786 1629 1833 1664 se-

989 1687 1140 1724 quuntur
1162 1677 1225 1712 sint
1248 1678 1391 1724 ejusdem
1409 1703 1420 1722 ‚
1453 1678 1511 1712 vix
1534 1677 1650 1712 dixero
1667 1703 1679 1721 ‚
1711 1690 1833 1725 nempe

988 1730 1054 1761 ἴσως
1069 1722 1282 1770 Μακεδονικῆς»,
1299 1728 1313 1766 ἦ
1330 1732 1395 1760 κατ’
1414 1728 1552 1761 elffii-taem
1569 1730 1638 1760 λίαν
1654 1729 1763 1765 κεδνῆς.
1780 1726 1831 1761 lbi

989 1775 1096 1821 prima
1109 1787 1179 1809 vox
1195 1775 1295 1809 etiam
1314 1776 1348 1809 in
1367 1775 1436 1810 aliis
1451 1774 1654 1809 editionibus
1671 1774 1832 1822 deprava-

988 1833 1040 1866 ta,
1066 1834 1172 1869 nuper
1189 1823 1419 1871 Cantabrigiae
1438 1834 1480 1858 ex
1498 1823 1646 1857 editione
1665 1823 1832 1858 Mediola-

989 1870 1080 1905 nenfi
1090 1870 1125 1905 ὃ(
1138 1872 1241 1907 MSS.
1254 1871 1486 1906 Parisiensibus
1501 1871 1587 1905 bene
1605 1871 1754 1906 restituta
1770 1872 1828 1911 est,

989 1918 1042 1954 sed
1059 1919 1099 1954 ab
1115 1932 1174 1963 eo,
1201 1923 1257 1968 qui
1275 1921 1450 1968 ignorabat
1466 1920 1546 1967 quid
1562 1920 1661 1962 esset,
1676 1919 1764 1954 unde
1780 1921 1840 1956 vi-,

990 1967 1047 2002 des
1063 1968 1130 2002 illic
1148 1981 1281 2004 manere
1301 1972 1499 2009 Μακεδονικῆς
1514 1993 1525 2012 ,
1551 1980 1628 2015 quae
1647 1969 1744 2003 nauci
1761 1981 1830 2004 non

989 2015 1074 2050 sunt.

1038 2077 1120 2110 4723
1131 2077 1188 2110 49.
1213 2066 1270 2100 Aia*
1287 2066 1395 2101 τοιίνδε
1415 2082 1440 2100 τι
1458 2064 1626 2113 πρῆγμα]
1664 2065 1742 2100 MS.
1758 2075 1831 2100 tan-

990 2122 1062 2148 tum
1086 2116 1149 2161 2³1&
1165 2115 1272 2150 τοιάνδε
1292 2119 1422 2161 πςῆγμοι
1438 2138 1450 2158 ,
1475 2115 1509 2148 ὃ(
1527 2126 1670 2149 vacuum
1687 2114 1734 2148 est
1750 2114 1831 2148 illud

987 2178 1027 2196 'tl-

1035 2223 1119 2258 473,
1135 2224 1167 2254 9.
1208 2211 1468 2258 Ε’πεκλῆθκσσιν.]
1511 2210 1589 2246 MS.
1633 2210 1802 2250 ἐκλήθησαν
1820 2237 1831 2255 ,

990 2260 1126 2307 perinde
1152 2270 1190 2295 ut
1216 2274 1297 2295 mox
1315 2286 1326 2304 ,
1352 2273 1414 2295 nec
1440 2260 1488 2295 est
1510 2258 1603 2294 causa
1621 2284 1631 2303 ,
1658 2271 1718 2292 cur
1736 2272 1830 2294 com-

990 2308 1101 2356 pofito
1135 2322 1224 2344 nunc
1259 2319 1419 2344 uteretur.
1471 2308 1536 2343 Sed
1564 2308 1619 2342 hic
1646 2307 1738 2341 locus
1761 2309 1830 2352 est,

990 2359 1047 2406 qui
1064 2368 1180 2392 monet
1204 2368 1350 2393 attentos
1374 2357 1437 2392 esse
1461 2356 1583 2391 debere
1601 2354 1739 2390 le6tores
1758 2357 1830 2392 He-

989 2406 1102 2442 rodoti
1119 2406 1155 2440 &
1172 2407 1308 2455 vigiles,
1335 2418 1404 2440 non
1419 2405 1576 2440 remiss‘os.
1611 2403 1700 2438 Audi
1718 2406 1807 2440 enim
1820 2434 1828 2443 ,

990 2455 1071 2503 quid
1104 2454 1245 2490 seribere
1277 2454 1463 2488 sustinuerit
1503 2452 1679 2500 praeclarus
1712 2452 1766 2487 ille
1796 2455 1829 2499 J.

991 2503 1158 2538 Meursius
1184 2505 1218 2538 in
1249 2504 1378 2550 Regno
1411 2502 1531 2537 Attico
1558 2501 1614 2536 lib.
1641 2513 1650 2534 1
1681 2512 1753 2548 cap.
1777 2514 1787 2536 i
1802 2513 1830 2548 3.

993 2551 1161 2597 Conftmdit
1175 2560 1309 2596 tempora
1327 2551 1499 2586 Herodotus
1515 2566 1525 2591 3
1553 2552 1605 2595 qui
1626 2550 1764 2595 Pelasgis
1781 2563 1828 2584 re-

985 2604 1101 2647 gionem
1119 2601 1330 2645 paffidenstbus
1346 2625 1357 2643 ,
1382 2601 1519 2633 Cranaos
1535 2606 1656 2632 vocatos
1669 2599 1744 2631 dicit
1758 2623 1769 2641 ,
1794 2607 1829 2633 ut

991 2649 1168 2693 Cecropidas
1186 2649 1286 2694 postea
1303 2649 1323 2681 ιὶ
1348 2660 1412 2693 rege
1430 2650 1554 2692 Cecrope
1571 2659 1581 2680 .·
1605 2658 1671 2680 cum
1688 2647 1830 2682 Cranasss

988 2706 1110 2740 tamen,
1127 2699 1147 2731 iz
1164 2709 1218 2742 quo
1233 2698 1350 2731 den-mm
1361 2699 1497 2730 Cranaos
1512 2703 1632 2729 vocatos
1647 2702 1760 2729 certum
1776 2696 1829 2741 est,

992 2745 1388 2792 Cecropepqffe⁷·i07·f}1c⁷·1‘t.
1417 2744 1478 2778 His
1492 2742 1655 2778 subnefitit
1672 2741 1739 2790 ipsa
1754 2756 1829 2778 vei·-

989 2795 1032 2830 ba
1048 2795 1245 2829 Herodoti:
1279 2795 1313 2827 in
1339 2792 1459 2839 quibus
1478 2817 1489 2836 ‚
1514 2804 1575 2826 oro
1602 2801 1636 2826 te
1652 2817 1664 2835 ,
1697 2804 1739 2826 an
1763 2793 1829 2826 ullzi

990 2843 1119 2878 mentio
1142 2842 1190 2877 est
1212 2842 1375 2889 temporis
1391 2841 1445 2875 vel
1462 2841 1582 2888 prioris
1598 2840 1651 2874 vel
1667 2840 1828 2887 posterio-

989 2892 1031 2926 ris
1046 2891 1059 2925 ?
1086 2890 1192 2925 Unde
1209 2890 1310 2925 habet
1326 2889 1414 2924 illam
1430 2901 1550 2923 vocem
1563 2889 1663 2934 postca
1680 2889 1697 2922 ,Ρ
1723 2889 1830 2923 Nulla

990 2939 1130 2974 scintilla
1144 2951 1217 2973 eam
1234 2938 1350 2973 le&ori
1367 2937 1523 2972 ostendit.
1550 2937 1667 2984 Itaque
1683 2937 1771 2970 cavit
1788 2937 1829 2970 ab

989 2988 1042 3022 illa
1058 2997 1115 3023 aut
1134 2987 1231 3022 fimili
1250 2987 1379 3021 strenue
1391 2985 1583 3020 Eussathius
1601 2986 1633 3018 in
1649 2984 1828 3018 verbisibi-

988 3036 1065 3071 dem
1082 3035 1124 3072 ab
1141 3035 1293 3070 Meurfio
1309 3036 1431 3070 citatis.
1466 3034 1577 3080 Hujus
1592 3033 1614 3066 fi
1623 3033 1715 3066 audis
1729 3032 1829 3080 origo

988 3084 1024 3119 &
1038 3085 1114 3120 fons
1130 3085 1236 3133 igitur
1251 3083 1298 3118 est
1314 3084 1507 3119 Marcianus
1527 3081 1727 3116 Heracleota
1743 3105 1754 3123 ,
1780 3092 1830 3114 et-

987 3133 1053 3170 iam
1069 3133 1143 3168 istic
1161 3132 1323 3180 allegatus
1338 3157 1350 3176 ,
1374 3132 1438 3213 qip-
1459 3130 1497 3164 ad
1512 3139 1661 3183 nien-um
1677 3128 1832 3211 supplen-

1431 3190 1519 3212 iiiii
1550 3190 1570 3212 2,
1751 3190 1832 3211 tuni
