2112 3621
247 209 338 253 ET
378 204 779 255 OBSERVAT.
820 209 899 253 IN
938 206 1317 257 HERODOT.
1359 210 1607 262 L11³‚V11‚

53 268 136 307 locis
150 273 190 309 ad
207 279 348 324 majores
372 286 505 313 tanturn
524 288 623 312 naves
643 276 790 312 retuliss'e
804 301 816 320 ,
842 278 899 311 vix

1718 219 1797 277 1963

956 280 1025 313 nim
1050 280 1120 316 illic
1146 282 1288 317 habetur
1303 309 1314 328 ,
1342 285 1434 331 quod
1459 295 1633 321 mutarunt
1655 289 1711 335 qui
1730 301 1800 323 non

53 321 252 373 crediderim
276 335 389 360 tamen
412 326 446 360 id
461 326 501 360 ab
517 337 558 360 eo
580 323 806 373 distinguendi
823 336 898 373 gra·
953 327 1171 365 advertebant
1186 332 1387 378 particulam
1405 337 1427 367 ω’
1442 334 1506 368 esse
1524 335 1579 369 hic
1599 338 1800 384 optativam.

52 376 99 403 tra
121 371 210 407 inter
234 376 298 409 νέοις
322 369 357 407 ὃς
382 385 475 409 mmm
500 372 627 408 faetum
644 398 656 415 ‚
679 386 718 408 ac
741 372 899 408 libentius
953 375 1014 409 Sed
1028 381 1212 422 utinam,ut
1227 381 1346 425 quidem
1362 394 1440 416 nunc
1454 383 1551 428 ῥήξω
1562 385 1800 432 perficias,quae

51 414 180 454 idcirco
197 421 392 457 accederem
419 423 460 456 ad
485 422 563 457 MS.
589 421 786 457 Mediceum
802 447 815 467 ,
841 423 897 470 qui

51 473 154 503 voces
171 469 352 515 postremas
367 470 446 505 duas
466 472 611 519 ignorat.

950 425 982 457 in
1006 427 1144 460 manibus
1164 428 1264 462 habes.
1295 438 1331 463 at
1348 438 1424 464 certe
1443 440 1558 475 pacata
1575 435 1711 480 AEgypto
1730 435 1799 469 δῖε.

953 471 1004 506 Ita
1020 474 1191 509 blanditur
1207 476 1301 524 Regi
1319 477 1355 512 ὃ(
1373 478 1588 525 praesentium
1605 483 1799 530 proposito-

99 529 243 565 379,15.
269 523 344 559 Α’σίη
363 520 479 555 ἐδονὲεἾο
497 518 625 574 πῶσέκ]
660 518 713 553 Ut
729 518 812 554 solet
827 531 897 554 vox
953 532 1028 555 rum
1056 522 1190 557 felicem
1217 536 1376 560 eventum
1409 537 1528 574 optans
1552 531 1605 563 vel
1638 532 1800 567 instanter

51 567 217 615 posterior
233 567 321 616 saepe
338 567 415 603 addi
432 593 443 611 ,
469 568 528 603 ubi
546 580 615 604 vim
642 566 898 616 significationis
952 580 1055 617 urget
1070 571 1325 617 expeditionem
1341 583 1461 609 contra
1477 577 1639 611 Athenas.

52 628 122 651 non
147 617 267 666 implet
284 642 296 661 ‚
319 616 373 651 sed
398 629 554 665 magnam
583 626 711 663 partem
732 618 895 651 continet.

1692 580 1726 614 U
1762 582 1798 615 in

953 616 1176 654 laudatissimis
1191 620 1256 655 illis
1273 622 1453 669 Excerptis
1470 624 1681 660 Peirescianis
1698 591 1798 665 Pglv-

52 664 107 699 Ita
121 678 212 700 nunc
228 678 364 714 quoque
381 665 463 700 sumi
480 666 602 713 potest.
651 665 716 698 b‘ed
732 665 812 712 quid
829 665 898 712 agi·
952 664 999 700 bii
1018 679 1095 715 pag.
1116 679 1192 714 150.
1227 677 1258 703 Εἰ
1275 671 1306 714 ᾧ
1324 672 1386 716 ἐγώ
1403 673 1520 708 ταότῖυι
1541 675 1634 717 ἴδοιμι
1653 676 1712 709 vlu)
1727 668 1798 722 η’μῖἑ-

49 714 149 749 mus?
167 715 226 750 llla
242 728 311 750 vox
329 727 398 749 non
414 714 461 748 est
477 716 510 748 in
528 715 606 749 MS.
634 713 720 748 Sane
736 715 770 747 in
788 723 900 761 capite

51 775 75 808 9
92 763 212 799 maluit
226 763 338 799 dicere
354 789 367 809 ,
393 765 490 807 οἵγονιι
509 779 533 812 »Β
559 763 686 803 maie&
702 764 734 797 τό
751 764 790 797 r'm
808 764 834 797 ‘23
854 766 898 797 Α’-

49 815 134 856 sinc,
153 829 176 861 ’9
195 816 260 850 νέοις
275 814 330 848 τάς
345 811 483 848 ἐποίσεις.

103 870 184 907 379,
197 872 251 908 17.
273 862 412 907 Terdgnp
430 859 518 906 ἔτεϊ]
547 859 625 895 MS.
641 859 776 905 τετάρτῳ
795 859 814 905 5
830 861 898 904 ἔτεϊ,

51 909 142 943 unde
157 909 297 956 suspicio
323 908 478 957 quaedam
496 909 605 943 oritur
626 909 693 943 loci
711 909 811 955 hujus
829 921 898 943 ma-

51 956 84 992 le
101 956 233 993 tra-stati
249 984 261 1003 ,
284 970 385 1006 quem
403 967 457 992 tot
473 958 652 1005 participia
668 956 833 1004 insignem
852 957 899 991 fa-

52 1005 235 1051 ciunt,vix
248 1007 327 1041 alibi
342 1007 556 1041 occurrentia
571 1005 616 1040 fic
628 1005 786 1053 juntftim.
806 1006 900 1040 Hinc

49 1053 135 1089 illud
145 1060 178 1090 δε
190 1055 265 1103 post
282 1067 403 1090 vocem
421 1054 663 1100 καζὶληομδίίων
673 1079 684 1098 ,
699 1054 758 1089 ubi
773 1055 855 1089 cassa
865 1054 899 1088 &

53 1115 137 1139 vana
152 1104 201 1139 est
215 1105 285 1151 eius
293 1106 341 1139 vis
351 1102 607 1149 ,transferebam
625 1103 700 1150 post
715 1114 836 1138 vocem
851 1118 899 1137 τε·

51 1154 163 1199 τοίςτῳ.
190 1148 247 1187 Sie
264 1154 395 1201 optime
413 1151 613 1200 procedunt.
665 1152 763 1186 τεἹέων
784 1151 802 1196 5
819 1152 900 1186 ὡ-

52 1200 279 1248 οιγγεὶλομῖςίων
298 1205 313 1241 η’
328 1205 404 1240 Α’σίη
426 1201 543 1236 έδονὲἐῖο
560 1200 614 1235 ὃὲἣ
629 1200 704 1241 τοία
721 1201 793 1234 ’ἔτεσι
808 1222 820 1242 ‚
844 1214 900 1234 κοι-

52 1255 261 1297 ταλξγομὲνων
287 1255 312 1285 ἴ
337 1249 450 1292 οἱοίςων
475 1252 510 1286 ὥς
534 1252 580 1283 ἐπὶ
602 1248 661 1282 xla)
678 1247 801 1283 E‘misa
820 1262 899 1293 5&-

52 1299 211 1344 τόῗιομένων
223 1304 246 1350 ιζ,
263 1299 328 1342 0125&
343 1299 573 1345 σκώαζομένων.
599 1297 726 1342 ΤετοίξἾῳ
746 1296 763 1341 5
781 1298 836 1332 ’ἔτεϊ
854 1303 898 1330 Αἰ-

52 1348 168 1393 γόπῐιοι
187 1350 254 1383 ἃς.
295 1348 411 1382 Priora
427 1351 501 1381 lunt
524 1344 571 1379 sui
589 1346 721 1393 generis
738 1345 774 1379 &
791 1345 901 1380 diver-

53 1395 96 1431 ίέε
111 1397 282 1439 mateiiae,
309 1408 370 1429 nec
388 1396 560 1443 pertinent
576 1394 615 1427 ad
634 1392 808 1440 posterius.

103 1455 182 1493 379,
200 1456 254 1479 20.
285 1446 337 1481 Koa*
352 1450 462 1489 μᾶὶῗωφ
478 1441 584 1490 “tiens‘’
611 1445 654 1476 ἐπ’
670 1443 785 1489 ἀμφ]
822 1443 899 1478 MS.

54 1496 79 1542 ’ἒ
96 1499 203 1540 peliniani
224 1494 329 1540 ὦςμηῗο
349 1496 372 1543 a}
393 1496 437 1527 ἐπ’
453 1492 614 1538 οἷμφοῖἑςκς
631 1515 642 1533 ‚
666 1491 701 1524 in
715 1503 780 1538 qua
804 1503 900 1538 repe-

53 1544 177 1577 titione
208 1542 255 1577 est
281 1540 412 1589 insigne
446 1549 660 1575 momentum
681 1563 693 1582 ‚
724 1538 786 1573 etfi
811 1540 902 1574 nulla

53 1592 193 1627 varietas
207 1591 340 1626 voculae
358 1596 394 1639 ᾗ.

107 1641 187 1684 380,
201 1651 252 1685 14.
282 1641 318 1672 0‘
331 1639 385 1683 μὲν
400 1635 644 1684 Α’ςτοέοιζσῖνης]
674 1635 754 1671 MS.
769 1639 784 1671 ο“
797 1637 852 1683 μὲν
868 1636 900 1682 ᾧ

53 1691 172 1735 Α’ςτοέ.
187 1687 279 1736 quod
296 1686 438 1721 omnino
450 1684 541 1721 reete
556 1684 718 1720 inseritur.

105 1736 184 1784 380,
197 1749 250 1782 32.
280 1741 328 1781 τῷ
342 1739 431 1782 ὁςὲςῳ
450 1734 542 1782 brea]
579 1735 635 1769 De
651 1733 718 1768 hoc
735 1744 900 1783 computo

54 1787 128 1834 agit
142 1787 248 1822 Dion.
267 1785 418 1820 Petavius
434 1784 492 1819 lib.
515 1796 556 1818 10
572 1795 644 1830 cap.
663 1795 717 1828 23.

107 1837 188 1881 380,
198 1840 254 1882 46.
281 1835 366 1868 Α’ὶλοὶ
377 1834 409 1869 *rox
423 1836 477 1877 μὲν
496 1837 539 1867 νῦν
564 1838 666 1867 ταῦτα
693 1832 826 1879 πξήοσοις
842 1832 899 1868 τοί-

55 1898 112 1931 περ
129 1885 218 1933 &C.]
244 1883 351 1918 Aldus
365 1881 621 1918 distinxitm'md
639 1883 672 1915 τό
685 1884 738 1925 μὲν
754 1887 898 1926 ussusto&-

54 1948 99 1968 τοι
116 1935 266 1981 πςῆω-οις,
288 1931 384 1978 τοίπερ
396 1957 404 1970 ,
429 1930 520 1966 unde
534 1931 682 1977 priorem
701 1939 817 1965 notam
835 1930 896 1966 sus—

55 1983 135 2018 tulit
151 1981 381 2024 Camerarius,
407 1979 619 2027 sequentibus
635 1978 725 2021 aliis3
754 1980 896 2027 Stepha-

54 2044 117 2069 nus
133 2032 235 2066 etiam
250 2030 491 2079 posteriorem,
508 2028 596 2062 unde
614 2026 896 2074 similiter&Jun-

55 2078 301 2131 germannus&
318 2079 390 2113 Th.
402 2077 500 2112 Gale.
528 2077 591 2111 Sed
607 2077 696 2110 nulla
712 2087 806 2124 parte
823 2078 898 2112 haec

56 2130 166 2166 oratio
182 2128 321 2176 scopum
338 2127 476 2174 attingit
502 2125 746 2160 adhortationis
761 2151 772 2169 ,
798 2138 897 2173 quam

54 2178 118 2214 fibi
144 2176 316 2226 proposuit
335 2175 546 2210 Mardonius.
596 2173 692 2220 Quid
716 2176 804 2208 enirn
831 2174 898 2209 five

55 2228 182 2264 Graeca
199 2251 210 2270 ,
236 2225 304 2260 five
320 2224 443 2259 Latina
467 2222 607 2270 colligas
621 2248 632 2266 ,
655 2223 744 2257 aliud
770 2235 808 2258 ea
830 2223 897 2258 sua-

56 2275 137 2320 det,
162 2275 224 2310 nisi
238 2285 278 2309 ut
294 2274 406 2322 primo
424 2284 473 2307 res
484 2272 634 2320 AEgypn
649 2281 763 2316 curet,
779 2271 899 2306 deinde

55 2323 229 2360 Graeciae?
253 2323 288 2358 id
304 2321 396 2370 quod
414 2321 532 2368 sponte
549 2321 601 2355 sua
616 2321 650 2354 in
668 2320 780 2354 animo
797 2320 898 2355 habe-

57 2372 116 2408 bat
141 2373 282 2408 Xerxes.
333 2370 469 2406 Deinde
502 2369 584 2403 inest
611 2369 660 2402 his
693 2369 900 2417 negligentia

58 2421 299 2470 quaedam,qua
315 2418 491 2468 proposito
500 2417 609 2466 Regis
624 2416 754 2451 obstare
764 2418 898 2465 quidem

58 2481 128 2505 non
153 2469 252 2505 audet
268 2494 280 2513 ,
314 2469 367 2503 sed
393 2479 455 2502 nec
481 2466 591 2501 laudat
615 2466 649 2500 id
679 2465 784 2513 ipsum
802 2492 813 2509 ,
846 2466 899 2501 sed

58 2518 194 2567 quando
210 2519 256 2552 ita
269 2517 343 2552 vult
360 2542 371 2560 ,
399 2517 524 2563 patitur
540 2524 579 2549 ut
596 2514 751 2563 perficiat
769 2529 776 2549 :
805 2514 849 2549 fic
865 2527 899 2549 e-

59 2569 130 2602 nim
140 2566 257 2608 Valla;
285 2564 330 2600 Tu
344 2576 415 2599 vcro
434 2565 512 2610 quod
527 2565 558 2598 in
574 2565 712 2598 manibus
727 2564 816 2598 habes
827 2574 898 2609 per-

48 2619 121 2666 fice.
149 2616 197 2650 At
212 2614 410 2650 Mardonius
425 2613 631 2648 contrarium
648 2613 814 2655 intendit,
839 2624 897 2646 co-

59 2677 156 2704 natus
170 2663 361 2712 persuadere
371 2687 382 2706 ,
391 2672 428 2696 ut
438 2662 661 2709 antiquiorem
673 2673 787 2696 curam
798 2661 898 2696 Grae-

58 2718 122 2753 cine
138 2713 258 2748 habeat
275 2740 282 2752 ‚
308 2722 407 2758 quam
425 2711 585 2759 AEgypti.
622 2710 729 2756 Qod
744 2723 848 2758 quum
865 2724 898 2745 a-

58 2774 156 2814 perte
170 2773 239 2797 non
251 2760 423 2795 sustineret
437 2760 548 2807 eloqui
565 2769 684 2794 contra
697 2760 784 2808 regis
799 2758 897 2794 desti-

59 2814 232 2850 nationem
250 2835 261 2854 ,
282 2810 423 2844 latenter
446 2807 481 2842 id
503 2810 613 2843 innuit
630 2832 642 2850 ‚
665 2809 710 2843 ita
731 2818 769 2843 ut
786 2817 899 2842 tamen

61 2862 216 2899 videatur
238 2859 340 2906 regiae
363 2856 529 2892 voluntati
553 2857 727 2905 indulgere
742 2882 754 2900 ,
776 2869 899 2892 vocans

62 2912 260 2959 AEgyptum
275 2905 411 2954 quidem
428 2906 634 2951 {guss'ejcroecav
647 2933 655 2945 ,
671 2916 708 2940 ut
724 2907 842 2940 merita
859 2905 898 2942 fit

61 2971 138 3008 qua:
154 2969 272 3006 poenas
286 2956 376 2997 luat,
398 2952 453 2988 sed
470 2964 583 2989 tamen
600 2964 677 2989 ante
694 2954 729 2988 δί
747 2955 820 3001 post
837 2967 898 2988 no-

60 3008 191 3045 minans
207 3002 424 3040 Athenienses
440 3002 475 3036 &
492 3003 707 3047 Athenas,ut
727 3003 793 3038 istis
808 3016 899 3038 aures

61 3057 170 3105 regias
184 3055 331 3101 impleat.

383 3052 532 3100 Egregie
554 3049 627 3087 sane
642 3053 710 3087 hoc
725 3064 826 3086 omne
841 3064 898 3099 ap-
924 3062 928 3078 2

956 730 1014 760 &cv
1026 715 1093 750 δίε.
1120 717 1166 751 Et
1178 719 1248 766 jam
1265 718 1313 752 est
1329 719 1538 756 observatum
1555 723 1635 757 aliis.

1008 767 1086 810 330,
1096 777 1154 810 49.
1180 766 1240 801 ldm-
1254 768 1400 812 M‘y&cre
1418 770 1504 816 ’ἔχ’-η]
1535 771 1613 806 [ΜΞ.
1629 774 1676 808 ἵνα,
1692 772 1800 820 M‘y&

955 814 985 846 τὲ
1003 828 1034 847 σε
1052 815 1120 860 ἔχῃ.
1173 815 1342 862 Apodosis
1366 816 1452 853 clara
1477 820 1623 866 sequitur
1637 847 1650 865 ,
1675 831 1714 856 ut
1730 822 1799 858 hoc

954 860 1076 896 debeat
1099 864 1226 898 anteire
1241 889 1253 907 ,
1286 863 1355 912 ipso
1373 865 1499 902 Latino
1524 870 1707 917 interprete
1727 872 1798 919 jam

955 910 1154 956 ostentante.
1190 913 1305 947 Immo
1322 914 1368 947 ita
1384 916 1482 963 plene
1499 919 1623 953 extulit
1641 919 1746 954 Aldus
1762 919 1798 953 δί

955 958 1160 1008 Hervagius.
1192 961 1381 1009 Stephanus
1406 977 1494 1000 anno
1519 976 1605 1013 1592
1625 967 1798 1015 negligere

955 1007 1104 1056 incepit,
1128 1010 1222 1056 quod
1237 1011 1365 1058 sequuti
1383 1014 1518 1062 posteri.
1785 1033 1790 1036 ·

1005 1058 1085 1102 381,
1101 1070 1127 1102 3.
1154 1059 1233 1093 Τέτε
1252 1061 1269 1106 5
1286 1060 1306 1099 Ξ
1321 1061 1428 1108 λόγεῆ
1450 1063 1640 1112 Hervagius
1658 1065 1693 1098 in
1708 1074 1799 1100 utra-

956 1117 1021 1152 que
1045 1105 1158 1141 omifit
1183 1106 1359 1144 secundam
1379 1111 1409 1150 Ξ.
1458 1112 1523 1146 Sed
1542 1113 1621 1147 MS.
1646 1116 1718 1148 τέδε
1742 1113 1800 1159 5ἶῗ

954 1154 1044 1199 λέγε.
1063 1155 1098 1189 &
1114 1154 1221 1190 rursus
1239 1159 1425 1205 nagean'nlw
1444 1162 1580 1196 ποιέσκεἾο
1595 1160 1679 1201 τήνδε
1694 1187 1706 1206 ,
1730 1175 1800 1197 non

955 1202 1072 1255 ἐῖτοιὲεἹο
1088 1227 1099 1245 ,
1124 1204 1217 1252 quod
1243 1218 1381 1242 omnem
1398 1210 1432 1243 in
1448 1220 1577 1256 partem
1596 1209 1644 1243 est
1661 1223 1798 1246 accura-

956 1249 1138 1296 tiffimum,
1162 1265 1266 1299 quum
1292 1266 1470 1290 occurrant
1497 1258 1531 1291 in
1556 1258 1736 1293 Herodoto
1763 1260 1799 1295 &

956 1302 1338 1346 Ε’κπὲμπεοπεὸζοῗγεωιιν
1356 1304 1390 1337 δ’.
1409 1307 1527 1351 ἔρδεσκε
1546 1305 1579 1339 ὃ(
1597 1310 1741 1342 ποιέεσκον
1762 1308 1798 1342 δῖ

958 1348 1126 1394 φόῗᾶγεσκον
1143 1349 1179 1384 &
1194 1356 1356 1395 τρὲπεσκε,
1384 1352 1418 1386 δί
1435 1353 1617 1397 ἐλσῖςεοκον,
1643 1367 1719 1401 quae
1737 1367 1798 1389 uec

956 1397 1075 1445 ignota
1088 1398 1162 1433 sunt
1180 1397 1288 1434 doc‘tis
1304 1400 1494 1436 leetoribus.

1008 1446 1088 1492 381,
1105 1461 1138 1492 4.
1172 1450 1355 1489 Πεμκαὶὶκῆς
1371 1450 1493 1497 Quieta]
1529 1449 1604 1485 Cur
1628 1451 1682 1486 hae
1700 1464 1799 1487 VOCCS

955 1495 1065 1529 minus
1097 1505 1288 1530 mereantur
1320 1497 1459 1532 verbum
1504 1499 1559 1532 cui
1592 1500 1798 1545 innitantur,

955 1554 1054 1589 quam
1069 1542 1260 1591 sequentia,
1283 1557 1354 1579 non
1368 1545 1479 1581 video.
1531 1547 1578 1581 Et
1599 1558 1691 1582 certe
1706 1550 1798 1597 opti—

954 1602 1029 1626 mus
1044 1592 1122 1626 MS.
1139 1591 1245 1626 habers
1258 1593 1426 1634 ώκαὶλῆς
1448 1599 1486 1632 ein
1504 1595 1588 1641 χώρη
1606 1620 1618 1639 ,
1641 1597 1732 1644 quod
1750 1596 1798 1631 est

956 1640 1270 1687 oportuniffimum,
1296 1653 1357 1676 nec
1373 1642 1495 1688 refert,
1520 1653 1634 1679 utrum
1653 1658 1734 1680 mox
1751 1645 1796 1679 se-

956 1698 1078 1735 quatur
1095 1692 1189 1736 Φέςεί,
1214 1702 1255 1724 an
1271 1694 1368 1736 φέροι.
1394 1690 1486 1726 Nam
1506 1692 1706 1741 descriptio,
1733 1706 1798 1742 qua

954 1749 1035 1772 mox
1053 1738 1274 1773 Mardonium
1289 1738 1445 1776 describit
1462 1741 1659 1776 Herodotus
1671 1771 1678 1781 ,
1705 1742 1798 1778 adsu-

954 1786 1060 1821 mitur
1074 1786 1116 1822 ab
1131 1786 1186 1821 Cl.
1200 1787 1349 1835 Stanlejo
1367 1789 1408 1824 ad
1417 1788 1568 1837 AEscliyl.
1585 1802 1659 1838 pag.
1669 1804 1738 1836 772
1755 1791 1796 1825 ad

954 1834 1168 1882 probandum
1184 1835 1279 1870 illurn
1292 1836 1346 1871 vel
1362 1833 1532 1885 praecipue
1549 1837 1643 1873 fuisse
1660 1844 1684 1875 ἴ
1699 1845 1797 1875 κακῶν

953 1886 1078 1929 οἰνόφῶν,
1104 1893 1143 1920 ut
1157 1895 1214 1919 eos
1227 1894 1328 1919 vocat
1343 1886 1403 1921 iste
1417 1887 1529 1934 poeta.

1004 1930 1148 1978 381,12.
1177 1933 1343 1978 Σόμμαχαι
1359 1933 1494 1980 ἦνόμῖίυα
1505 1935 1583 1977 ‘bi-&⁸⁹
1597 1935 1628 1969 τδ
1641 1934 1794 1982 πείθειθζ.]

953 1980 1064 2016 Ηςᾶε
1081 1982 1114 2016 id
1130 1981 1265 2030 quidem
1282 2006 1293 2025 ,
1317 1982 1370 2018 sed
1396 1983 1515 2017 cedere
1540 1983 1641 2019 debet
1663 1985 1797 2031 optimo

954 2030 1032 2066 MS.
1050 2031 1084 2065 in
1101 2044 1169 2079 quo
1187 2031 1312 2077 legitur
1324 2036 1352 2068 ἐς
1369 2033 1401 2066 τὲ
1419 2032 1556 2072 πείθεέἔςς.

1005 2077 1085 2124 381,
1108 2091 1159 2123 19.
1193 2082 1251 2112 Ε’τι
1273 2083 1362 2115 πλέον
1382 2080 1619 2127 προσωςὲγῡνῖο]
1656 2080 1734 2116 MS.
1753 2079 1797 2115 ἔτι

952 2131 1050 2162 πλέον.

1006 2174 1086 2221 381,
1100 2186 1152 2221 37.
1176 2176 1229 2212 Koa?
1245 2182 1271 2211 οἱ
1290 2176 1446 2214 Α’λάισίὲαα
1463 2175 1550 2221 &c.]
1580 2175 1640 2212 Est
1656 2177 1795 2212 conclun

955 2223 1003 2259 fio
1019 2225 1173 2272 quaedam
1189 2224 1347 2260 sermonis
1361 2236 1439 2260 ante
1462 2224 1568 2260 habiti
1584 2225 1625 2260 de
1641 2227 1796 2261 Onoma-

954 2273 1031 2308 criti
1064 2272 1100 2307 &
1135 2272 1411 2309 Pifistratidarum
1450 2274 1727 2309 reconciliatione
1759 2276 1796 2310 ὅτ

954 2321 1183 2357 consentiente
1207 2320 1366 2371 suffragio
1392 2322 1479 2370 apud
1505 2334 1618 2370 regem
1644 2323 1796 2358 Xerxem

955 2370 996 2404 ad
1013 2370 1138 2405 bellum
1156 2371 1305 2406 Graeciae
1323 2371 1573 2406 concitandum.
1607 2371 1684 2405 Hos
1699 2371 1797 2407 binos

955 2419 1002 2453 ait
1018 2431 1133 2454 coram
1158 2432 1238 2468 rege
1263 2419 1454 2466 frequenter
1478 2419 1519 2453 de
1537 2420 1598 2453 hac
1625 2432 1659 2454 re
1684 2421 1796 2468 egisse.

956 2467 1074 2515 Itaque
1091 2467 1172 2516 quid
1195 2480 1257 2502 oro
1273 2468 1340 2502 huc
1356 2467 1484 2503 faciunt
1501 2467 1660 2502 Aleuadae
1677 2493 1688 2512 ‚
1712 2482 1796 2517 quos

954 2526 1030 2551 ante
1045 2517 1133 2551 dixit
1157 2528 1228 2550 non
1252 2515 1315 2550 nisi
1339 2518 1480 2551 nuncios
1503 2517 1671 2551 mittendo
1691 2519 1797 2553 multa

955 2564 1125 2612 pollicitos
1148 2565 1212 2599 esse
1235 2563 1276 2603 ad
1299 2565 1509 2599 evocandum
1536 2577 1650 2613 regem
1674 2566 1708 2600 in
1725 2566 1795 2601 bel-

954 2614 1024 2648 lurn
1037 2614 1184 2648 Graeciae
1202 2613 1214 2647 ?
1239 2613 1274 2647 &
1289 2612 1330 2647 de
1351 2613 1470 2661 quibus
1488 2612 1673 2649 sermonem
1689 2615 1794 2650 absol-

953 2663 1003 2697 vit
1028 2672 1101 2705 turn
1120 2687 1131 2706 ,
1164 2674 1268 2709 quum
1295 2661 1508 2697 Pisistratidas
1532 2663 1647 2698 retulit
1674 2662 1794 2700 similes

953 2711 1029 2758 ipsis
1043 2710 1207 2746 sermones
1233 2709 1390 2745 habuisse.
1440 2711 1544 2745 Certe
1569 2724 1637 2746 non
1660 2712 1794 2759 possunt

955 2760 1115 2794 Aleuadae
1132 2771 1192 2807 per
1209 2759 1323 2793 omnia
1344 2760 1443 2808 jungi
1459 2758 1668 2794 Pisistratidis
1686 2760 1721 2795 ὃ(
1740 2763 1794 2797 O·

953 2809 1164 2852 nomacrito,
1182 2820 1327 2855 quorum
1345 2809 1381 2842 hi
1398 2807 1484 2843 susis
1502 2807 1737 2852 fuerunt,non
1754 2810 1793 2845 il-

952 2857 986 2891 li.
1012 2858 1093 2891 Nec
1109 2856 1197 2890 enim
1208 2867 1250 2890 ex
1262 2856 1416 2891 Aleuadis
1426 2868 1615 2904 quenquam
1631 2870 1672 2892 ex
1683 2858 1791 2894 Thes-

951 2904 1024 2940 salia
1048 2905 1179 2939 notavit
1204 2905 1366 2953 trajecisse
1390 2905 1431 2940 ad
1456 2906 1581 2953 regiam
1607 2906 1791 2951 Persicam,

953 2953 1117 2989 arbitratis
1133 2951 1163 2987 se
1177 2952 1362 2988 satisfecisse
1377 2966 1437 3001 per
1453 2955 1604 2988 nuncios.
1639 2956 1694 2989 An
1709 2968 1789 2989 vero

954 3003 989 3037 hi
1006 3002 1121 3036 nuncii
1135 3000 1209 3036 sunt
1225 3002 1366 3050 aequales
1379 3001 1603 3046 Pisistratidis,
1621 3013 1657 3038 ut
1677 3014 1789 3039 coram

952 3063 1031 3099 rege
1047 3051 1165 3085 Xerxe
1191 3051 1293 3085 etiam
1317 3050 1464 3086 dixerint
1489 3051 1682 3086 sententiam
1709 3063 1789 3086 cum

62 3103 195 3158 parebit
211 3129 219 3142 ,
245 3101 269 3136 fi
294 3114 337 3136 ex
360 3104 495 3148 optimo
519 3100 597 3136 MS.
618 3099 772 3135 rescribas
794 3101 828 3134 in
849 3101 899 3135 his
953 3098 1044 3134 illis?
1071 3100 1188 3147 Itaque
1211 3099 1334 3134 merito
1356 3099 1472 3134 videor
1489 3098 1729 3147 obsequutums
1750 3113 1788 3135 o-

61 3152 190 3195 verbis:
215 3154 271 3187 oin<
287 3153 309 3185 ei
323 3150 355 3185 τὸ
369 3153 422 3197 μὲν
443 3155 484 3185 νῦν
500 3153 600 3186 ταῦτα
618 3150 758 3198 agrimens.
793 3150 848 3185 Sic
865 3161 900 3184 e-
955 3149 1066 3196 ptimo
1087 3148 1199 3184 codici
1220 3149 1361 3196 ejuranti
1385 3158 1450 3182 tres
1468 3147 1539 3181 istas
1561 3159 1659 3184 voces
1674 3173 1684 3191 ,
1711 3161 1786 3196 qua:

1354 3195 1492 3231 Ffffff
1514 3205 1528 3241 3
1714 3199 1787 3233 He-
