2112 3621
319 246 401 286 820

316 310 443 346 rodoto
460 307 631 343 interdum
648 309 684 343 in
700 307 769 342 fine
784 308 973 357 appositam
992 307 1075 353 effe,
1088 317 1126 344 ut

318 371 392 406 cap.
409 357 453 392 86
471 357 506 392 ὃς
522 369 581 399 91.

372 419 426 454 30,
441 410 492 454 36.
524 410 662 454 Α’ςχαῒον
682 407 819 455 ῥεῖθρον]
856 407 913 443 Sic
937 406 1064 456 liquide
1080 405 1127 441 le·
1156 427 1157 452 3
1965 459 1970 464 η

783 457 788 462 “
1156 456 1158 474 ¹
1183 459 1284 488 Λυδῶν
1303 458 1366 488 dur.
1389 456 1476 491 αὐτές
1492 455 1754 505 ἐπικοιζὶλαίὲοι.]
1792 458 1895 494 Nihil
1915 470 1991 506 qm-

316 457 412 505 gitur
435 457 470 490 in
499 457 579 491 MS.
602 469 666 491 nec
691 466 791 504 potui
816 469 1005 505 repugnare
1020 480 1032 500 ,
1065 454 1126 491 etfi

318 504 425 541 modo
441 515 520 540 ante
538 504 703 553 scripserit
720 506 858 553 ἀρχαίων
876 508 1006 553 ῥεέθρων.

371 565 426 602 31,
442 566 470 589 1.
498 554 632 600 Πέμψας
648 554 778 602 κήρυκας,
791 561 818 591 ἐς
836 556 884 591 w}
901 554 1029 601 Γωναᾼ]
1066 552 1127 588 Est

317 603 435 638 eadem
454 603 571 648 causa,
589 616 665 651 quae
683 603 884 639 occurrebat
900 603 1001 649 8,14.
1030 603 1127 639 Nam

317 652 519 700 obloquitur
537 652 598 688 fibi
612 653 825 693 Herodotus,
854 665 960 701 quum
971 665 1045 700 cap.
1060 662 1119 696 141

317 702 376 737 ait.
423 700 487 736 0⁸11
505 702 542 742 dn*
556 709 581 737 οἱ
598 700 683 738 ΪῙωνες
701 701 847 749 ’πότερον
870 706 946 737 ocu-iri}
965 702 1041 749 Ku'gg
1057 704 1126 739 δἐη-

316 751 428 792 θὲνἾΘ*
446 754 483 785 δι’
497 755 625 797 οὲγγὲλκ
640 755 805 788 οἰπίςοιιθωΙ
821 755 918 794 σφέας
939 751 999 785 &mi
1015 753 1127 796 Κροῖσε-

318 800 396 834 Ubi
419 812 524 835 unum
552 801 658 836 modo
681 801 844 835 nuncium
870 799 911 835 ab
930 799 1027 848 Cyro
1042 798 1127 833 dicit

318 848 453 884 missum
469 874 480 893 ,
507 862 613 897 quum
632 851 700 885 hoc
723 848 802 884 loco
819 849 941 897 plures.
992 848 1125 883 Verum

318 910 389 933 non
406 899 452 933 ita
470 899 653 935 immemor
666 897 713 933 sui
731 898 940 933 Herodotus.
965 894 1128 932 Immo&

318 947 400 982 MS.
417 947 505 982 clare
520 948 652 995 profert
668 948 703 981 in
714 947 782 982 hoc
800 948 880 982 loco
890 946 1020 993 κήρυκα,
1033 943 1127 992 quod

317 1006 554 1043 opportunum
572 996 621 1031 est
637 996 799 1044 egregie,
824 996 859 1030 δι’
877 995 1008 1029 idcirco
1025 1005 1125 1041 repo-

317 1044 418 1079 situm
436 1045 470 1078 in
485 1044 620 1080 alterius
635 1047 758 1080 vicem.
792 1043 859 1078 Sed
876 1055 919 1077 ne
936 1042 1019 1091 quid
1037 1041 1126 1077 cele-

317 1102 394 1136 tur,
421 1093 512 1128 idern
528 1093 610 1129 MS.
624 1095 659 1128 in
675 1092 847 1130 advocatis
862 1092 972 1128 verbis
988 1104 1031 1127 ex
1051 1103 1124 1139 cap.

322 1153 381 1187 141
405 1141 509 1177 habet
533 1146 571 1177 δι’
586 1146 761 1189 ἀγγέλων,
796 1152 835 1177 ut
850 1167 862 1186 ,
889 1141 949 1176 nifi
973 1140 1125 1188 pluribus

313 1190 447 1226 vicibus
464 1203 572 1226 unum
591 1191 711 1227 mififfe
727 1191 905 1235 credatur,
922 1190 1007 1225 nihil
1023 1190 1125 1233 dmi&

315 1237 461 1274 definire
482 1240 593 1276 liceat.

368 1299 487 1335 31,7.7,.
516 1292 632 1327 Α’λίσας
651 1289 671 1334 33
689 1287 760 1336 δὴ]
796 1287 877 1323 MS.
895 1291 1003 1326 οἱλῖσας
1017 1303 1050 1323 τε
1067 1288 1124 1331 δῆ,

315 1336 408 1385 quod
427 1337 495 1372 hoc
510 1338 546 1372 in
560 1338 639 1373 loco
657 1340 769 1386 jungit
785 1337 1006 1381 concinnius,
1022 1349 1124 1385 quarn

315 1385 453 1434 vulgata
471 1385 573 1421 lectio
588 1399 650 1434 per
664 1385 915 1421 adversativam.

363 1445 378 1482 3
390 1446 420 1479 1,
432 1445 487 1480 zs.
513 1439 634 1480 Φςονέων
648 1435 762 1469 οἱπίκεἸο
779 1439 806 1469 ἐς
819 1434 873 1469 τοὶς
882 1434 1011 1480 Σάρδις,
1026 1434 1126 1479 ’έπεμ-

313 1486 352 1519 πὲ
365 1498 397 1517 τε
408 1483 559 1529 κήρυκας]
588 1483 716 1531 Longe
732 1481 889 1516 molliore
905 1494 997 1517 nexu
1014 1495 1125 1518 narra-

312 1532 420 1567 turin
446 1531 525 1566 MS.
553 1534 678 1578 φρονέων
696 1555 708 1574 ,
734 1533 773 1567 w‘c
793 1531 910 1565 οίπίκεἹο
930 1536 957 1568 ἐς
973 1532 1030 1569 τοῖς
1046 1532 1124 1579 Σαίρ-

312 1583 377 1623 δις,
402 1580 523 1625 ἔπεμπε
543 1579 684 1626 κήρυκας,
708 1577 799 1614 unde
815 1591 886 1614 non
900 1581 1000 1628 potui
1016 1581 1125 1617 ambi-

312 1640 394 1678 gere
412 1628 455 1663 de
477 1628 649 1676 eligendo.

362 1685 418 1725 3'1,
432 1688 483 1724 30.
513 1681 657 1714 Ε’Λπίσοις
666 1676 713 1724 μή
727 1693 793 1713 κοτε
806 1677 926 1725 ended]
955 1679 1037 1715 MS.
1049 1680 1124 1716 ἑλοί-

312 1742 346 1773 σῃ
364 1751 376 1771 ,
403 1738 480 1775 quae
505 1736 670 1775 perpetua
685 1726 734 1762 est
749 1727 925 1764 Herodoti
942 1727 1124 1765 consuetu-

313 1776 371 1810 do.

364 1836 420 1874 31,
434 1836 487 1873 35.
514 1824 698 1872 ΦοιτέονἹες]
725 1826 807 1862 MS.
818 1826 983 1873 φοιτῶνἹες,
994 1825 1029 1862 &2
1040 1840 1123 1875 pau-

312 1873 347 1909 lo
367 1885 446 1910 ante
467 1875 606 1918 ΦοινένἹων
625 1875 644 1920 ὃ
662 1878 759 1909 αὐτῶν
774 1899 787 1919 ,
811 1887 882 1911 non
900 1879 1022 1912 αὐτέων.
1054 1877 1120 1912 Sed

312 1923 349 1958 &
367 1937 451 1959 mox
474 1924 578 1973 longe
602 1924 718 1959 mitius
743 1923 825 1959 fclAvZae
845 1924 865 1971 {J
890 1930 962 1960 τῑῖτο
987 1930 1122 1973 Κροίσῳ,

310 1985 381 2007 non
399 1973 481 2008 tso'v'h
502 1972 522 2019 ὃ
540 1978 582 2019 τῷ
597 1977 703 2020 Κροίσῳ
723 1978 802 2008 rivo.
855 1975 951 2010 Nam
971 1986 1014 2009 CX
1030 1975 1122 2011 varia

311 2021 458 2057 le<fflone
474 2035 544 2057 non
572 2022 688 2070 potuit
713 2021 889 2068 dubitari,
915 2024 999 2071 quin
1015 2023 1121 2073 elige-

312 2082 384 2105 rem
402 2072 520 2116 ’ἔπεμπε
540 2071 715 2117 θεοπρόπες
729 2077 757 2109 ἐς
774 2076 799 2107 ““τ”
816 2074 968 2119 ἑξηγηἾὲων
979 2097 991 2117 ,
1014 2085 1120 2122 quum

312 2118 360 2154 fic
379 2119 549 2168 legeretur
565 2121 600 2154 in
620 2120 698 2154 MS.

364 2178 419 2215 31,
434 2172 491 2213 46.
516 2168 660 2213 Πολὲμιὸν
678 2184 710 2204 τε
729 2167 834 2216 divom]
866 2170 939 2206 Aut
957 2171 1040 2206 hinc
1062 2181 1122 2207 aut

310 2216 414 2263 paulo
441 2225 519 2251 ante
545 2217 785 2263 expellendum
818 2219 954 2254 videtur
976 2220 1120 2256 verbum

310 2264 554 2301 substantivum
565 2263 642 2302 ἐῖνοα.
668 2265 754 2300 Sane
770 2267 857 2302 nihil
872 2269 985 2316 potest
1001 2269 1060 2305 hic
1073 2269 1120 2305 es-

310 2313 342 2348 se
360 2314 561 2363 ambiguum
578 2313 665 2349 bene
680 2314 888 2360 consulenti,
914 2316 938 2352 fi
955 2320 1028 2366 quis
1044 2331 1120 2354 mo-

309 2363 357 2398 do
372 2363 508 2398 sciverit
525 2375 568 2398 ex
595 2363 664 2398 hoc
688 2363 768 2398 loco
784 2364 819 2399 id
837 2366 963 2412 expelli
981 2367 1023 2402 ab
1041 2368 1119 2403 MS.

309 2413 523 2448 Florentino.
565 2413 581 2447 I
585 2423 606 2446 n
627 2412 739 2460 priore
754 2412 899 2460 agnosce
915 2426 1033 2450 manus
1048 2427 1119 2451 rna-

308 2462 340 2497 le
358 2462 500 2497 feriatas.
549 2461 646 2496 Nam
663 2462 722 2509 qui
746 2461 815 2496 hoc
837 2461 1048 2499 infinitivum
1073 2465 1120 2501 ita

310 2511 520 2559 duplicavit,
545 2510 594 2545 est
610 2509 678 2557 ipse
695 2510 906 2558 Stephanus,
932 2513 1025 2560 quod
1041 2513 1120 2549 inde

309 2570 405 2609 patet
423 2584 434 2604 ‚
460 2560 539 2607 quia
556 2559 663 2593 editio
681 2568 751 2595 tam
771 2559 853 2595 Aldi
875 2573 977 2609 quarn
995 2561 1119 2598 Came-

307 2610 385 2646 rarii
400 2608 542 2644 exhibet
559 2606 627 2649 δ’φιν
648 2612 703 2654 γῆς
718 2612 821 2644 παῖδα,
837 2633 849 2653 ,
875 2621 945 2645 non
961 2613 1028 2653 ὅφιν
1052 2610 1117 2650 εἶναι

310 2664 366 2705 γῆς
382 2661 495 2693 masa.
536 2657 636 2703 Qiid
655 2667 730 2692 tum
747 2656 761 2691 ?
785 2670 827 2692 an
846 2659 954 2707 igitur
972 2661 1118 2708 Stepha-

310 2720 372 2742 nus
397 2720 460 2755 pro
479 2706 620 2754 arbitrio
647 2705 693 2741 fic
710 2706 822 2742 voluit
840 2708 934 2743 abuti
959 2709 1023 2743 isto
1041 2721 1117 2745 ver-

309 2756 376 2800 bo,
395 2765 435 2790 ut
451 2755 637 2790 inculcaret
650 2754 710 2790 ubi
727 2755 851 2801 vellet,
878 2758 1031 2804 quamvis
1047 2770 1117 2794 non

309 2805 400 2841 foret
418 2804 567 2839 neccffe?
585 2804 699 2838 Immo
717 2803 808 2839 adest
824 2805 871 2840 illi
887 2806 942 2841 sua
958 2806 1115 2854 quaedam

309 2851 615 2900 excusatio,quu1n
632 2862 745 2900 pateat
761 2865 804 2888 ex
821 2853 919 2890 diffis
934 2855 1022 2890 istud
1039 2868 1116 2890 ver-

309 2903 393 2939 bum
418 2901 460 2936 ab
488 2901 558 2936 aliis
581 2902 722 2937 MSStis
745 2902 814 2936 illic
838 2904 950 2950 poni,
976 2903 1018 2938 ab
1045 2904 1117 2939 aliis

308 2963 391 2989 vero
406 2950 500 2993 istic,
519 2959 557 2983 ut
572 2949 927 2998 videaturStephanus
941 2951 1117 2999 inspexisti:

308 3001 418 3037 varios
443 2998 599 3043 antiquos
629 2998 792 3041 codices,
826 2998 917 3033 unde
952 3000 1115 3045 judicavit
1142 3019 1144 3039 ι,

307 3048 465 3098 praestare
480 3072 492 3091 ‚
517 3045 541 3080 fi
556 3044 742 3080 abundaret
757 3046 871 3092 potius
892 3059 991 3093 quam
1009 3060 1051 3082 ex
1067 3049 1113 3083 al-
1141 3076 1143 3084 s

600 240 772 297 JAc.
841 234 1345 284 GRo-Nov11
1418 240 1695 285 NoTAE

1183 318 1278 355 peret
1294 306 1445 343 fimftitas
1460 309 1589 344 codicis
1600 309 1769 351 Medicei,
1791 322 1893 359 quam
1915 322 1991 346 mo-

1183 356 1228 391 do
1244 356 1352 391 rursus
1370 359 1597 404 experiemur.

1236 416 1289 452 32,
1301 416 1331 452 5.
1361 405 1452 442 O‘'nw9
1475 408 1547 448 πρὶν
1571 407 1588 448 ἢ
1610 407 1643 443 ‘rei
1664 408 1802 456 ὃόῖ-’τερον
1819 413 1874 444 οἱλ.
1896 408 1950 444 ‘rlwx
1965 413 1991 444 ἵ

1182 503 1259 537 dein
1281 504 1314 538 in
1339 504 1390 538 his
1415 516 1485 538 non
1503 504 1680 540 Graecum.
1730 508 1813 542 Hoc
1831 507 1992 542 videlicet

1182 552 1230 586 est
1247 552 1469 587 Herodotum
1488 552 1542 588 vel
1567 553 1666 589 edere
1679 555 1734 590 vel
1758 556 1882 604 legere.
1923 556 1991 591 Di-

1183 613 1238 636 ces
1252 613 1335 636 vero
1359 602 1444 637 nihil
1464 603 1498 636 in
1515 602 1566 637 his
1591 613 1770 638 occurrere
1787 604 1966 639 molestum
1977 629 1990 649 ,

1184 662 1288 697 quum
1307 651 1406 686 Valla
1423 651 1525 686 etiam
1549 651 1825 687 commodissimo
1841 652 1931 687 sensu
1949 652 1991 687 fit

1183 699 1433 747 interpretatus.
1466 699 1588 734 Recte.
1616 701 1684 736 Sed
1699 700 1759 736 ubi
1775 702 1810 736 in
1826 700 1992 736 Herodo-

1183 756 1222 782 to
1238 747 1469 796 deprehendes
1483 749 1585 784 talem
1602 749 1697 785 usum
1712 750 1807 785 verbi
1823 750 1915 785 istius
1930 749 1992 785 de-

1184 796 1368 844 conipofiti
1391 797 1655 838 ἐπικαζὶλοιέεῗνὲ
1679 799 1801 843 Quum
1827 799 1887 834 iste
1911 798 1993 834 scri-

1183 854 1265 892 ptor
1289 844 1422 880 brevius
1447 846 1534 882 istud
1558 846 1742 889 κοιζὶλοιξεῖν
1769 849 1872 884 toties
1897 848 1993 883 usur-

1184 903 1243 940 pet
1263 917 1274 937 ,
1299 892 1352 929 sed
1369 895 1529 942 peculiari
1555 896 1614 931 suo
1631 897 1736 932 modo
1753 923 1766 943 ,
1791 907 1830 933 ut
1847 898 1994 947 collegit

1179 944 1250 990 jam
1279 942 1313 976 in
1340 943 1475 978 Lexico
1502 945 1601 979 AEm.
1627 947 1750 981 Portus
1766 973 1778 991 ‚
1811 947 1990 995 quomodo

1183 991 1342 1026 credetur
1358 991 1597 1040 decompofito
1622 993 1695 1029 usus
1719 1005 1789 1031 tarn
1812 997 1992 1044 vulgarem

1184 1039 1223 1074 ad
1242 1040 1408 1075 modum?
1435 1041 1550 1076 Immo
1567 1054 1673 1090 quum
1688 1043 1773 1078 adeo
1788 1044 1933 1092 diligens
1949 1044 1992 1081 sit

1184 1089 1306 1124 Portus
1323 1090 1358 1124 in
1380 1091 1579 1126 annotandis
1595 1091 1838 1140 decompofitis
1855 1093 1898 1128 ab
1916 1093 1992 1128 He-

1183 1137 1309 1173 rodoto
1333 1137 1496 1187 usurpatis
1513 1164 1524 1182 ,
1548 1150 1652 1188 prout
1670 1141 1717 1176 est
1739 1141 1991 1187 ἑπικοιἹοικλόσ-σα,

1183 1187 1335 1222 nostrum
1347 1188 1415 1222 hoc
1431 1190 1662 1225 ἐπικαῗαλαξεῖν
1679 1202 1748 1226 non
1758 1191 1917 1240 dignatus
1925 1190 1992 1228 fuit

1182 1246 1344 1271 annotare
1367 1236 1422 1272 vel
1448 1249 1492 1272 ex
1516 1238 1585 1273 hoc
1610 1239 1728 1274 nostro
1751 1243 1805 1275 vel
1831 1252 1875 1276 ex
1900 1240 1990 1286 alio,

1182 1286 1239 1332 qui
1256 1297 1380 1333 nempe
1396 1286 1505 1320 nullus
1523 1286 1590 1331 est,
1607 1287 1710 1322 loco?
1736 1289 1826 1324 Non
1842 1289 1990 1336 Stepha-

1181 1346 1243 1368 nus
1267 1333 1335 1382 ipse
1358 1334 1521 1382 dignatur
1545 1335 1580 1370 in
1603 1335 1782 1372 Thesauro
1806 1337 1990 1386 agnoscere

1182 1382 1404 1418 Herodotum
1422 1384 1521 1432 hujus
1535 1384 1630 1420 verbi
1646 1386 1923 1434 approbatorem.
1941 1387 1990 1423 Et

1182 1442 1251 1478 quo
1275 1431 1335 1466 ista
1357 1432 1499 1467 omnia?
1525 1433 1668 1482 Nempe
1691 1444 1730 1470 ut
1751 1435 1838 1470 bene
1854 1447 1989 1484 praepa-

1182 1488 1272 1514 ratus
1299 1479 1385 1521 (etsi
1413 1480 1527 1515 forent
1552 1482 1848 1519 animadvertenda
1871 1485 1988 1532 plura,

1183 1539 1260 1574 quae
1283 1527 1461 1575 insipidam
1484 1528 1613 1565 faciunt
1630 1531 1717 1566 hanc
1733 1532 1986 1577 densationem)

1181 1575 1308 1611 discere
1331 1577 1471 1624 incipias
1499 1579 1534 1612 in
1565 1578 1644 1613 MS.
1669 1581 1805 1627 optimo
1828 1593 1892 1616 nec
1916 1582 1988 1620 ὅκως

1180 1637 1245 1660 nec
1264 1625 1318 1661 vlu>
1331 1637 1394 1660 nec
1413 1627 1501 1663 αὐτός
1517 1627 1736 1663 ἐπικαἹοιλοέὲοι
1754 1629 1924 1677 conspici,
1950 1632 1988 1667 δε

1181 1672 1250 1709 fine
1272 1675 1395 1722 injuria
1417 1675 1485 1712 ulla
1505 1675 1613 1711 abesse
1635 1688 1777 1725 queunt.
1809 1678 1913 1714 Verti
1928 1679 1988 1715 de-

1180 1722 1320 1770 buerat,
1336 1736 1519 1771 promovere
1536 1729 1715 1760 exercitum
1725 1727 1862 1772 Sardes,
1879 1730 1990 1777 prius-

1181 1785 1280 1818 quam
1303 1774 1403 1809 denuo
1425 1775 1686 1810 contraherentur
1707 1776 1867 1824 Lydorum
1889 1781 1986 1826 copiae.

1181 1822 1269 1857 Satis
1286 1824 1382 1869 clare.
1391 1825 1578 1872 exponitur
1593 1824 1714 1873 scopus
1731 1826 1828 1874 Cyri.

1230 1882 1285 1920 32,
1306 1884 1360 1919 14.
1392 1877 1424 1908 Η*
1443 1874 1461 1920 {3
1484 1874 1578 1919 μοίχη
1600 1879 1697 1918 σφέων
1716 1873 1758 1910 [ὦ
1780 1879 1834 1912 ἀπ’
1850 1877 1985 1925 ἵππων]

1180 1921 1310 1956 Nullus
1328 1923 1435 1957 miror
1460 1921 1507 1957 fic
1524 1923 1599 1968 edi,
1626 1923 1672 1959 fic
1688 1923 1758 1974 legi
1781 1926 1817 1961 in
1840 1926 1909 1961 hoc
1932 1927 1987 1963 lo-

1178 1982 1222 2005 co
1239 1996 1251 2015 ‚
1277 1983 1383 2019 quum
1400 1972 1460 2007 vix
1483 1971 1580 2007 aliter
1601 1973 1700 2009 sciret
1716 1974 1823 2010 idiota
1838 1976 1985 2012 Graecus

1177 2019 1283 2068 loqui.
1332 2021 1475 2057 Interim
1498 2021 1548 2056 est
1568 2022 1694 2071 aliquid
1709 2048 1721 2068 ,
1747 2024 1840 2071 quod
1857 2027 1984 2060 morari

1177 2069 1278 2117 poffit
1293 2070 1478 2119 legentem.
1527 2071 1622 2106 Nam
1640 2084 1703 2106 cur
1726 2073 1774 2107 ita
1794 2084 1885 2107 nunc
1901 2071 1982 2108 scri-

1178 2121 1229 2156 bit
1243 2145 1255 2164 ,
1280 2122 1339 2167 qui
1363 2132 1446 2155 mox
1474 2118 1567 2154 dicet
1589 2121 1772 2168 οἱποθοςὸνἹες
1794 2121 1856 2157 Σπτῗ
1878 2125 1903 2156 “r‘'
1929 2124 1980 2158 ἵπ-

1177 2186 1235 2206 πων
1246 2169 1349 2204 ?Nec
1366 2167 1440 2204 sane
1454 2180 1542 2203 nova
1557 2167 1747 2212 sestor,sed
1763 2169 1887 2205 auxilia
1901 2183 1980 2219 quae

1176 2219 1350 2267 possumus
1373 2217 1497 2252 habere
1520 2217 1701 2252 veterrima
1717 2242 1729 2262 ,
1752 2217 1928 2266 publicare
1943 2221 1981 2257 ὅτ.

1176 2267 1338 2304 illustrare
1361 2278 1481 2315 cogor.
1532 2266 1573 2300 In
1597 2265 1649 2301 his
1672 2266 1727 2301 vel
1749 2268 1906 2316 primaria
1930 2270 1980 2306 est

1177 2316 1373 2353 membrana
1389 2315 1550 2351 Medicea
1564 2340 1577 2359 ,
1602 2327 1680 2363 quae
1697 2315 1863 2352 intafitum
1879 2318 1921 2354 ab
1938 2319 1979 2355 li-

1176 2367 1289 2402 centia
1303 2365 1444 2401 servavit
1464 2364 1683 2400 Herodotum
1700 2390 1713 2410 ,
1737 2365 1774 2400 in
1790 2378 1857 2414 qua
1878 2367 1979 2416 plane

1176 2416 1304 2464 legitur
1319 2418 1466 2457 cholmi-ww
1485 2414 1551 2448 un'a
1571 2425 1668 2449 voce.
1718 2412 1800 2450 Nec
1826 2426 1955 2452 temere
1963 2433 1978 2460 5

1175 2464 1236 2500 etfi
1251 2465 1342 2499 enirn
1364 2463 1463 2498 sciam
1481 2488 1493 2507 ,
1518 2462 1696 2511 quomodo
1712 2463 1746 2498 id
1771 2464 1988 2513 adjefifivum'

1175 2512 1349 2549 celebrent
1367 2512 1627 2560 Lexicographi
1647 2536 1660 2554 ,
1682 2513 1840 2549 novimus
1863 2524 1978 2550 tamen

1173 2563 1258 2598 illud
1273 2562 1332 2597 ἕσιν*
1348 2573 1418 2596 non
1436 2561 1500 2595 esse
1515 2561 1645 2609 semper
1661 2562 1867 2609 privativum
1878 2589 1890 2609 ,
1914 2562 1976 2599 etsi

1173 2612 1208 2647 id
1227 2612 1333 2646 solum
1351 2610 1402 2645 isti
1427 2610 1462 2644 in
1489 2610 1551 2645 hac
1568 2622 1656 2645 voce
1681 2609 1832 2659 spefikent
1849 2638 1861 2657 ‚
1885 2611 1975 2647 haud

1172 2660 1276 2696 dubie
1300 2660 1398 2694 nimis
1422 2657 1513 2693 arete
1545 2661 1754 2695 coercentes.
1803 2660 1974 2708 Exemplo

1173 2709 1222 2745 est
1238 2735 1250 2754 ,
1283 2707 1373 2755 quod
1400 2708 1434 2741 in
1460 2707 1628 2743 Strabone
1651 2709 1785 2745 notavit
1808 2709 1975 2744 maximus

1172 2756 1387 2794 Casaubonus
1402 2758 1632 2804 οίφιπποέζεοθαα
1650 2757 1685 2793 &
1700 2759 1736 2792 in
1751 2756 1910 2793 Diodoro
1919 2756 1972 2792 Si-

1172 2807 1252 2842 culo
1268 2805 1450 2847 α’φιππόίὶειν
1469 2829 1480 2848 ,
1506 2818 1574 2840 non
1592 2805 1723 2841 desilire
1737 2805 1778 2840 ab
1795 2816 1884 2852 equo
1899 2830 1911 2849 ‚
1936 2805 1973 2840 &

1171 2867 1249 2891 eum
1265 2854 1474 2901 relinquere,
1501 2854 1554 2889 scd
1570 2854 1784 2903 abequitaic,
1799 2863 1838 2888 ut
1856 2853 1902 2888 fic
1919 2854 1971 2889 di-

1172 2915 1245 2939 cam
1263 2927 1275 2946 ,
1309 2903 1345 2937 &
1364 2904 1399 2937 in
1423 2914 1513 2950 equo
1539 2902 1658 2952 fugere
1674 2927 1686 2946 ,
1717 2912 1756 2936 ut
1781 2911 1815 2936 te
1840 2903 1970 2950 eripias,

1172 2953 1230 2987 Sic
1246 2963 1350 3000 quum
1367 2952 1401 2985 in
1417 2951 1478 2985 isto
1494 2946 1690 2999 composito
1704 2949 1857 2994 ludatur,
1872 2952 1969 2999 quid-

1172 3001 1206 3036 ni
1223 2999 1419 3047 simpliciter
1433 3001 1525 3046 μάχη
1552 3003 1647 3042 σφέων
1671 3001 1819 3039 οἰφίππων
1836 2999 1970 3036 dicetur

1171 3060 1286 3097 pugna
1310 3049 1600 3095 contemplatione
1622 3046 1791 3095 dirigendi
1810 3047 1893 3083 ie'tus
1909 3049 1969 3084 de-

306 3107 439 3134 terutro
458 3095 596 3131 deleret.
638 3093 814 3129 Caeterum
835 3094 989 3131 laudetur
1005 3108 1044 3130 ac
1062 3096 1113 3131 su-
1138 3124 1143 3144 ³
1168 3097 1378 3132 mittentium
1411 3097 1545 3146 plagam
1570 3095 1611 3131 ab
1637 3097 1756 3144 cquis,
1782 3097 1968 3150 eorundem

1907 3147 1969 3182 ici-
