2112 3621
395 244 736 289 PROOEM.
792 245 888 285 IN
944 246 1518 290 HERODOTUM.
1714 260 1792 302 7¹3

119 315 274 350 omnium
294 323 426 349 metum
447 315 481 349 ἃ
498 315 698 361 opinionem
714 312 825 347 Sardis
839 314 1005 358 oportuit.
1041 315 1092 348 Sit
1109 316 1174 359 jam
1189 314 1271 349 iilud
1291 316 1333 349 de
1350 327 1456 363 puero
1474 326 1555 350 nato
1577 325 1655 350 cum
1678 317 1792 362 capite

117 364 255 399 leonino
277 362 413 407 falsum,
442 361 672 408 (Clio,c.84.)
700 361 817 409 (quod
841 361 975 397 fortasse
997 357 1139 397 minime
1160 363 1226 403 est)
1254 376 1354 410 quam
1374 365 1562 411 pulchrum
1580 363 1669 399 hoc?
1695 363 1790 411 quod

117 424 188 447 non
202 413 334 447 circum
348 411 405 446 ille
422 411 543 445 urbem
563 420 671 445 totam
688 411 773 445 latus
789 410 855 445 fuit
871 424 878 445 :
905 410 997 458 quod
1015 410 1035 444 si
1054 411 1181 445 fac⁶tum
1197 412 1307 447 fuiffet
1322 438 1333 456 ,
1359 414 1434 460 capi
1449 412 1633 447 seeundum
1650 412 1790 460 respon-

117 460 186 495 sum
201 461 396 495 divinorum
415 459 493 494 urbs
506 471 575 493 non
593 459 710 506 posset.
738 460 814 494 Sint
828 459 901 494 sane
916 459 972 494 illa
986 460 1190 506 Scytharum
1209 461 1297 495 dona
1312 460 1448 495 fic‘titia:
1470 464 1644 506 (Adelpom.
1656 475 1682 495 c.
1698 475 1704 494 ι
1721 474 1732 506 3
1747 463 1788 503 ι.)

116 510 199 556 quid
213 508 507 544 incommoditatis
529 518 644 543 tamen
669 508 771 543 habet
785 531 797 551 ,
823 508 877 543 vel
899 507 981 556 quid
1001 509 1117 555 potius
1134 509 1399 556 pulchritudinis
1413 509 1625 544 &bonitatis
1644 523 1713 544 non
1730 512 1790 544 ha-

115 557 173 593 bet
187 571 268 594 cum
281 558 448 593 enarratio
462 568 537 592 tum
554 558 813 604 interpretatio,
839 557 995 605 elegans,
1022 556 1139 591 festiva
1153 582 1164 601 ,
1192 557 1312 592 acuta?
1339 558 1405 592 Sed
1421 569 1522 604 quare
1536 569 1603 604 ego
1621 560 1790 604 pravitate

114 607 258 654 quadam
273 607 399 651 animi,
425 619 495 641 non
511 619 588 641 vera
602 606 665 641 esse
680 607 812 654 potius,
838 606 873 640 id
889 606 956 649 est,
982 606 1029 640 ita
1046 606 1160 640 audita
1174 607 1382 653 cognitaque
1395 607 1526 648 autori,
1553 606 1693 652 putem?
1722 608 1788 641 Ea-

113 656 193 691 dem
213 657 249 691 &
268 656 310 691 de
323 655 450 690 Xerxis
465 655 616 698 somnio,
633 658 871 703 (Polymnia,c.
887 657 961 701 14.)
987 654 1030 688 de
1045 655 1182 702 regibus
1198 655 1433 689 Macedonum
1444 680 1455 698 ,
1471 658 1611 699 (Urania
1623 681 1631 693 ,
1643 667 1669 687 c.
1687 665 1695 687 1
1709 656 1785 701 37.)

115 706 225 754 deque
238 706 309 740 aliis
336 704 498 740 similibus
513 704 583 738 dici
603 703 737 752 possint.
786 704 1037 752 Qiapropter,
1064 703 1155 750 quod
1176 703 1216 738 ad
1238 703 1368 737 crimen
1389 702 1457 736 hoc
1474 703 1630 737 vanitatis
1643 704 1787 748 attinet,

114 754 247 803 prorsus
263 756 298 789 in
311 753 427 788 nostro
443 764 561 788 autore
579 754 829 800 turpitudinem
844 755 936 789 illam
951 753 987 788 δε
1003 752 1260 787 mendaciorum
1279 750 1424 786 maculas
1437 750 1578 786 detersas
1592 751 1655 786 esse
1673 752 1786 787 confi-

113 805 171 839 do.
222 804 351 850 Neque
364 802 496 849 possum
510 800 585 836 satis
599 803 715 837 animo
730 803 936 838 constituere
950 814 1027 837 meo
1042 827 1053 845 ,
1080 801 1138 848 qui
1154 800 1281 835 faustum
1299 800 1362 834 effe
1381 800 1573 834 existimem
1595 825 1606 843 ,
1632 811 1670 834 ut
1691 800 1710 835 a
1727 813 1786 836 ve-

113 851 241 888 teribus
254 863 392 899 quoque
414 850 497 885 illud
520 851 554 884 in
580 851 672 886 hunc
692 852 919 887 conferretur.
970 850 1050 886 Nisi
1068 862 1152 885 unus
1172 850 1307 884 fortasse
1327 848 1447 895 aliquis
1461 849 1572 896 plures
1588 850 1622 883 in
1636 861 1786 885 errorem

112 901 250 936 induxit
266 926 277 945 ,
305 909 363 934 aut
383 899 511 934 invidia
526 899 707 945 odiumve,
734 902 788 936 vel
815 907 874 941 (ut
888 901 1023 936 mollius
1040 899 1172 938 dicam)
1200 899 1305 934 animi
1319 908 1412 933 certa
1429 897 1587 945 quaedam
1604 897 1784 933 destinata-

111 962 177 997 que
192 948 347 985 indutffio
363 947 525 997 quosdam
544 947 584 983 ad
607 949 845 997 hujuscemodi
865 950 1049 986 calumnias
1067 948 1217 997 impulit.
1266 947 1334 983 Sed
1351 948 1428 982 haec
1444 947 1531 982 velle
1547 947 1726 994 exquirere
1743 960 1783 981 o-

111 1009 299 1034 mittamus.
960 1030 964 1032 .

158 1049 269 1083 Nunc
283 1047 323 1082 ad
343 1047 440 1082 aliam
457 1047 587 1094 majore
604 1046 714 1083 studio
729 1047 914 1096 susceptam
930 1048 965 1083 ἃ*
977 1047 1113 1097 gravius
1132 1055 1233 1094 atque
1255 1046 1428 1080 inimicius
1452 1044 1573 1080 fafitam
1596 1044 1782 1080 accusatioa

111 1109 190 1132 nem
205 1096 413 1131 veniendum
431 1121 443 1140 ,
469 1108 570 1143 quam
592 1098 739 1133 intendit
766 1099 847 1132 huic
868 1098 920 1132 vir
942 1110 1077 1146 magnae
1100 1095 1267 1131 doc‘trinae
1287 1096 1321 1129 ἃ
1339 1094 1511 1142 sapientiae
1535 1094 1632 1129 laude
1652 1093 1781 1138 clarus,

109 1144 584 1188 PlutarchusChaeronensis,
610 1147 667 1192 qui
687 1146 838 1181 nostrum
857 1157 1010 1181 autorem
1028 1144 1234 1181 accrbissime
1250 1143 1431 1191 postulavit
1448 1145 1483 1178 ἃ
1500 1145 1706 1178 convincere
1722 1155 1782 1177 co-

111 1205 207 1231 natus
221 1195 269 1230 est
285 1193 526 1242 malignitatiS,
551 1194 646 1228 edito
660 1194 776 1229 libello
789 1221 800 1239 ,
827 1196 883 1230 cui
902 1194 1105 1243 praescripsit
1123 1192 1187 1228 w&
1207 1195 1234 1228 αἳ
1256 1193 1393 1238 Ηξοδέτὸ
1411 1194 1598 1231 κακοηθείας.
1648 1191 1782 1226 Contra

111 1257 208 1292 quae,
235 1242 295 1278 etsi
314 1242 488 1289 singularis
501 1242 548 1276 est
563 1243 627 1277 viri
646 1245 808 1279 autoritas
822 1244 857 1279 &
875 1243 1015 1279 celebris
1034 1242 1184 1278 eruditio
1198 1266 1209 1285 ,
1236 1241 1380 1276 concedi
1398 1253 1512 1277 tamen
1529 1241 1627 1275 nobis
1642 1251 1782 1287 oporte-

111 1306 148 1328 re
164 1303 270 1340 puto‚
296 1302 336 1327 ut
353 1303 415 1339 pro
429 1291 614 1325 Herodoto
628 1291 743 1327 dicere
760 1293 877 1328 liceat:
905 1292 929 1327 si
947 1293 996 1327 illi
1012 1292 1243 1341 permittitur,
1270 1300 1389 1326 contra
1402 1303 1472 1325 non
1489 1291 1599 1324 minus
1613 1289 1663 1332 se,
1679 1301 1782 1335 quam

109 1341 208 1377 nobis
221 1340 289 1388 ipse
302 1340 351 1374 est
364 1365 376 1384 ‚
403 1340 630 1386 antiquiorem
645 1341 869 1376 Herodotum
891 1341 1031 1389 scriptio
1047 1367 1058 1385 ,
1085 1351 1187 1388 atque
1207 1340 1380 1386 aliquanto
1395 1351 1489 1375 certe
1508 1338 1781 1387 praestantiorem

107 1391 226 1426 multis
246 1388 442 1424 nominibus
460 1389 642 1424 virtutum.
691 1389 765 1437 Ipse
779 1391 917 1438 quidem
934 1391 1136 1425 Plutarchus
1150 1401 1220 1436 quo
1234 1389 1382 1435 paratior
1398 1389 1492 1422 venit
1513 1388 1554 1423 ad
1575 1387 1782 1421 maledicenn

108 1439 191 1475 dum
208 1439 395 1474 Herodoto
409 1461 420 1481 ,
448 1436 483 1471 &
500 1438 535 1471 in
548 1450 590 1472 eo
603 1438 760 1486 copiosus
774 1439 839 1474 fuit
853 1452 891 1474 ac
910 1440 1093 1474 vehemens
1106 1464 1118 1482 ,
1145 1438 1213 1472 hoc
1231 1437 1342 1471 minus
1355 1436 1469 1471 laesisse
1483 1437 1580 1471 illum
1596 1438 1708 1483 putari
1723 1436 1783 1469 d„-

107 1488 178 1524 bet.
204 1487 294 1531 Quis
309 1487 357 1522 est
371 1499 453 1521 vero
467 1487 525 1534 qui
545 1498 614 1521 non
636 1487 853 1528 laudatissima
867 1500 1004 1535 quoque
1020 1487 1186 1524 conviciis
1200 1488 1365 1532 impetere
1380 1485 1473 1532 poil'e
1486 1486 1658 1527 videatur,
1674 1496 1782 1531 quum

107 1537 226 1572 Zoilos
239 1535 274 1570 &
293 1535 527 1583 Xenophanes
546 1534 620 1570 suos
636 1536 793 1570 habuerit
811 1537 986 1571 Homerus
1000 1536 1012 1569 ?
1040 1535 1137 1579 Qid
1153 1545 1267 1570 autem
1286 1534 1398 1568 verbis
1413 1534 1617 1580 conquirere
1631 1532 1664 1566 ὃ(
1682 1545 1779 1566 com-

107 1584 320 1634 prehendere
340 1584 474 1618 homini
495 1595 566 1617 nou
584 1584 706 1619 infanti
729 1596 839 1631 neque
852 1584 973 1620 obtuso
989 1583 1130 1619 difficile
1146 1583 1159 1618 ?
1186 1584 1234 1618 Et
1247 1582 1334 1618 dicit
1354 1583 1423 1617 hoc
1438 1584 1578 1630 egregie
1596 1581 1723 1616 AEneas
1738 1581 1782 1615 ad

108 1634 306 1677 Achillem,
331 1633 429 1667 Iliad.
449 1647 476 1665 υ.

420 1682 540 1714 Multa
557 1682 631 1715 licet
650 1692 801 1715 memoret
821 1685 966 1717 convicia
984 1694 1117 1729 uterque
1132 1682 1286 1728 vicrffim,

423 1732 499 1776 Qua
515 1743 614 1776 neque
632 1733 767 1764 centenis
783 1735 879 1764 remis
893 1732 1044 1775 instrusla
1060 1735 1172 1765 carina

418 1779 582 1821 Perferat.
607 1781 670 1825 ipfh
690 1782 805 1813 etenim
815 1781 931 1825 facilis
948 1781 1113 1826 verbtfijue
1131 1778 1335 1824 redundans,

421 1831 582 1862 Sermones
597 1831 702 1861 variis
719 1827 792 1861 hinc
809 1831 918 1876 lingua
935 1832 1075 1864 revolvit
1095 1831 1134 1866 (ῤ’
1153 1831 1187 1866 (ᾗ
1207 1831 1316 1862 illinc:

422 1878 566 1925 Qussqm’
586 1878 724 1922 &forte
742 1880 802 1910 alii
817 1879 900 1924 quod
920 1879 1064 1923 dixerit,
1087 1879 1199 1911 audiet
1215 1879 1285 1923 ipse.

154 1927 209 1965 Ut
224 1939 339 1965 autem
352 1936 475 1963 contra
487 1939 525 1961 ea
541 1939 618 1974 quae
641 1925 779 1974 quisque
798 1927 970 1974 improbet
986 1928 1099 1963 dicere
1113 1927 1203 1963 rec‘te
1217 1925 1338 1975 poflit,
1365 1927 1411 1961 ita
1425 1925 1602 1974 quomodo
1617 1924 1707 1960 dicat
1724 1926 1775 1961 di⁶

105 1979 255 2026 ligenter
267 1975 548 2013 considerandum
561 1975 706 2022 :nequid
720 1975 774 2010 vel
787 1976 904 2012 inscite
920 1977 975 2012 vel
990 1978 1092 2012 etiam
1111 1977 1259 2024 maligne
1273 1976 1467 2024 improbare
1482 1975 1648 2010 videatur.
1677 1985 1691 2009 i
1703 1975 1774 2010 Tam

106 2028 232 2062 horum
251 2037 504 2072 utrumcunque
527 2023 774 2072 deprehensum
796 2024 832 2059 δε
852 2036 1010 2061 notatum
1031 2026 1339 2061 contradictionem
1362 2037 1501 2060 omnem
1524 2023 1675 2059 infirmat
1693 2037 1700 2058 :
1728 2025 1776 2058 ita,

105 2076 243 2123 quidem
259 2075 492 2122 saepenumero
507 2099 518 2118 ,
544 2085 648 2108 nemo
667 2083 705 2108 ut
721 2073 936 2119 responsione
956 2087 1164 2123 magnopere
1187 2074 1327 2122 dignam
1352 2074 1546 2109 arbitretur.
1580 2074 1636 2107 De
1654 2085 1723 2120 quo
1738 2073 1771 2106 ἃ

104 2123 356 2172 elegantissimis
368 2122 518 2158 versibus
531 2122 566 2156 ὅ(
580 2122 757 2157 luculento
769 2122 859 2158 sensu
873 2125 1103 2171 compositum
1119 2125 1330 2171 epigramma
1344 2124 1510 2159 Graecum
1528 2123 1638 2157 Eueni
1653 2123 1777 2156 veteris

105 2175 222 2222 poe'tae
233 2172 358 2208 fertur:
386 2172 480 2220 quod
498 2184 559 2206 nos
573 2171 745 2218 quondam
760 2172 924 2207 Latinum
939 2172 1083 2208 fecimus
1095 2183 1134 2208 ut
1146 2172 1315 2220 sequitur,

423 2221 481 2263 Est
497 2222 607 2254 multis
618 2223 742 2266 pariter
758 2233 821 2254 mos
836 2224 939 2255 omnia
959 2222 1064 2255 dicere
1084 2233 1191 2255 contra
1202 2246 1213 2265 ,

472 2269 534 2304 Sed
552 2281 607 2301 non
625 2271 663 2305 (ῤ’
674 2270 786 2312 fimilis
804 2270 910 2304 dicere
926 2272 1011 2304 ressa
1029 2270 1127 2306 labor.

416 2322 482 2354 His
491 2319 543 2364 fin
561 2321 621 2351 erit
639 2317 776 2352 verbum
796 2332 845 2352 me
861 2321 1106 2363 commemorasse
1126 2318 1305 2362 vetustum.-

467 2373 545 2403 Haec
559 2366 639 2401 mihi
657 2380 758 2412 quum
769 2369 935 2414 placeam,
960 2381 996 2402 m
1014 2371 1087 2402 licet
1105 2371 1162 2401 illa
1176 2369 1295 2415 probes.

153 2419 358 2456 Plutarchus
377 2428 491 2454 autem
512 2417 653 2452 minime
669 2417 759 2451 cavit
780 2429 822 2451 ne
837 2417 1060 2453 insimulando
1084 2419 1306 2466 malignitatis
1325 2417 1468 2453 alterum
1485 2443 1497 2461 ,
1523 2418 1772 2465 malignitatem

108 2467 177 2515 ipse
189 2469 356 2515 quandam
371 2467 572 2515 singularem
586 2465 674 2499 suam
690 2465 861 2513 proderet.
911 2467 1006 2502 Nam
1025 2480 1130 2515 quum
1147 2467 1336 2515 collegisset
1356 2467 1447 2514 quasi
1463 2467 1602 2501 intimos
1617 2466 1722 2500 sensus
1738 2465 1774 2498 ἃ

109 2516 322 2552 reconditam
338 2517 550 2553 voluntatem
568 2517 741 2562 pravitatis
761 2516 989 2563 malignorum
1006 2543 1017 2561 ,
1043 2517 1084 2552 ad
1106 2517 1161 2552 illa
1175 2516 1194 2551 a
1215 2516 1245 2551 se
1263 2515 1438 2564 proposita
1454 2515 1569 2563 postea
1585 2540 1596 2559 ,
1623 2524 1661 2549 ut
1678 2515 1774 2561 pueri

110 2565 130 2601 -Σῑ
143 2565 310 2613 magistris
327 2564 512 2600 secundum
526 2565 638 2612 capita
651 2564 804 2612 quaedam
822 2564 958 2600 traditas
971 2569 1123 2602 materias
1137 2566 1305 2601 deducere
1319 2564 1480 2612 jubentur
1490 2590 1501 2608 ,
1528 2563 1573 2598 sic
1586 2563 1775 2598 accusatio-

110 2625 188 2650 nem
205 2614 294 2649 suam
311 2614 495 2661 applicavit
508 2637 520 2657 ,
545 2614 580 2647 in
594 2623 749 2648 autorem
770 2615 860 2648 hunc
889 2617 901 2659 (
911 2624 950 2650 ut
969 2627 1036 2663 ego
1058 2615 1197 2663 quidem
1222 2614 1363 2660 iudico)
1391 2613 1448 2648 illa
1463 2613 1641 2648 conferens
1656 2612 1775 2646 alienze

109 2663 331 2711 malignitatis
347 2664 501 2698 crimina.
552 2663 605 2697 Ac
625 2674 667 2698 ne
688 2663 904 2698 dissimulavit
924 2664 991 2711 ipse
1012 2665 1150 2712 quidem
1169 2658 1278 2710 neque
1300 2663 1388 2698 texit
1410 2663 1553 2698 causs‘am
1571 2663 1630 2696 irae
1649 2673 1688 2695 ac
1702 2661 1774 2696 odii

109 2713 157 2748 sui
174 2726 181 2748 :
209 2724 287 2747 nam
309 2711 398 2746 suam
422 2713 598 2747 civitatem
615 2737 627 2756 ,
653 2711 688 2746 id
708 2713 755 2747 est
770 2713 914 2747 Boeotos
928 2738 940 2756 ,
966 2713 1156 2761 ignominia
1175 2712 1338 2756 affe&os,
1366 2711 1401 2746 ἃ
1422 2711 1601 2746 infamatos
1627 2713 1687 2754 (ut
1706 2710 1774 2751 ait)

109 2763 285 2797 immerito
300 2786 312 2805 ,
337 2762 486 2808 graviter
500 2760 566 2796 fert
588 2760 624 2795 &
638 2761 804 2797 dolenter.
853 2762 949 2796 Hinc
968 2762 1074 2809 igitur
1094 2761 1161 2796 illae
1184 2761 1345 2809 lacrymae
1363 2786 1375 2805 ,
1402 2761 1478 2795 haec
1498 2760 1553 2794 illa
1570 2758 1773 2806 indignatio.

111 2811 236 2847 Statim
250 2812 357 2859 igitur
371 2810 452 2857 quid
468 2811 658 2845 autoritatis
672 2810 706 2845 in
722 2811 780 2846 tali
795 2811 1031 2846 criminatione
1048 2809 1106 2854 sit,
1125 2822 1225 2857 quam
1240 2823 1310 2845 non
1324 2810 1477 2844 veritatis
1490 2808 1544 2843 sed
1558 2808 1696 2843 ultionis
1712 2819 1773 2841 cu-

109 2861 231 2908 piditas
243 2859 459 2908 expresserit,
486 2869 642 2907 apparet,
668 2869 707 2894 ut
720 2860 809 2895 illius
822 2858 911 2907 quasi
926 2859 1022 2894 filum
1035 2858 1207 2906 sequentes
1224 2883 1236 2901 ,
1262 2858 1415 2893 refellere
1433 2870 1511 2905 quae
1526 2854 1692 2905 congessit
1709 2854 1775 2890 sm-

109 2909 189 2956 gula
201 2909 287 2943 nihil
304 2908 343 2944 sit
359 2908 499 2944 necesse.
549 2908 617 2943 Sed
631 2908 674 2943 ad
689 2909 843 2956 quaedam
858 2918 971 2943 tamen
987 2907 1113 2956 aliquid
1129 2907 1292 2942 dicamus.

157 2957 267 3003 Quod
280 2970 361 2993 vero
375 2958 456 2993 huic
471 2957 655 3005 incipiens,
680 2957 878 2992 suavitatem
894 2957 1076 3000 orationis,
1102 2969 1167 3004 qua
1175 2955 1328 3004 jucunde
1342 2964 1644 2990 commoverentur
1657 2953 1774 3036 legen·-

112 3014 181 3048 tes,
206 3007 413 3054 exprobrat,
439 3007 481 3042 ad
495 3007 528 3042 id
545 3007 632 3042 nihil
644 3006 733 3042 aliud
747 3005 1016 3054 respondendum
1033 3005 1151 3040 censeo
1165 3031 1175 3049 ,
1203 3017 1302 3052 quam
1318 3004 1408 3051 quod
1420 3003 1611 3039 Alexander
1627 3004 1683 3038 He
1722 3002 1773 3035 ori

111 3052 224 3096 fratri,
236 3059 293 3100 qui
309 3055 368 3091 sibi
385 3057 420 3091 in
438 3057 553 3104 jurgio
573 3055 820 3091 formositatem
840 3054 1037 3100 objecisset,
1066 3054 1112 3089 Οὔ
1129 3070 1173 3089 τοι
1189 3055 1338 3093 Σπτίζληέ
1355 3059 1397 3091 ἐς)
1414 3056 1491 3089 θεῶν
1510 3055 1657 3095 {onusta
1673 3054 1776 3093 M&-

114 3101 182 3136 Sed
197 3102 444 3151 malignitatem
458 3117 599 3142 omnem
611 3104 760 3153 undique
775 3105 822 3140 ita
838 3103 991 3152 colligit:
1016 3103 1172 3139 Primum
1187 3102 1229 3138 de
1243 3102 1300 3137 usu
1315 3103 1496 3138 nominum
1510 3101 1690 3149 asperiore,
1716 3098 1776 3131 de-

1231 3151 1359 3187 Xxxx
1708 3157 1776 3194 que
