2182 3611
800 166 1515 210 PRAEFATIO.

274 263 468 306 certioribus
492 291 504 310 ,
533 264 775 321 antiquissima
798 261 921 304 melius
927 262 1067 318 stilicet
1085 262 1279 317 scistitatis
1305 291 1316 310 ,
1343 275 1453 317 quam
1472 270 1556 304 ante
1579 262 1717 319 saecula
1744 278 1866 306 eorum
1885 262 2031 320 deceffo-

274 342 329 369 res
352 344 367 373 ,·
396 338 474 368 tam
489 329 596 384 ftrus
625 331 754 372 Strabo
774 358 786 377 ,
819 337 895 368 tam
915 328 1024 382 fi’rus
1045 328 1210 373 (AE‘lius
1236 326 1505 382 Harpocration
1533 327 1663 384 aliique
1687 344 1703 374 ;
1731 330 1815 372 hinc
1834 330 1941 384 serus
1971 325 2029 368 ille

274 391 502 436 Plutarchus
525 405 590 436 aut
608 398 674 436 irae
694 404 761 436 aut
783 394 958 435 vindicta
982 395 1159 436 moderari
1179 394 1346 446 nequivit
1366 408 1374 433 :
1404 393 1487 434 hinc
1504 392 1601 433 alter
1614 422 1627 441 ,
1651 408 1712 448 qui
1736 396 1914 435 indicatus
1934 392 2031 433 nobis

244 514 246 518 V
275 462 322 516 est
340 464 385 504 ab
405 461 557 518 Eusebio
576 463 742 518 Praepar.
766 459 950 512 Evangel.
979 459 1035 499 lib.
1059 473 1096 499 x.
1127 469 1201 513 cap.
1231 472 1249 511 3
1285 470 1330 497 ex
1357 456 1553 512 Porphyrii
1572 457 1721 513 scriptis
1748 487 1759 506 ,
1787 473 1889 513 cujus
1913 459 2027 500 verba

274 527 454 583 intelligas
475 540 557 582 rogo
578 540 624 567 ex
650 526 717 581 tpfii
740 524 893 576 Eusebio
912 553 923 572 ,
952 523 1014 563 vel
1030 526 1186 563 maxime
1204 523 1311 578 serus
1336 520 1460 562 Pollio.
1516 522 1578 562 Sic
1600 535 1693 563 enim
1713 526 1754 563 de
1775 523 1845 564 illis
1868 525 2028 564 omnibus

275 607 346 634 non
364 595 485 635 dubito
500 596 734 648 pronunciare
758 619 767 638 a
784 591 885 645 ficut
910 590 999 630 libro
1020 590 1149 630 octavo
1173 587 1334 644 descripfi
1349 587 1505 628 Dionem
1525 587 1818 642 Chryfhstomum.
1875 590 1938 631 Ab
1959 590 2028 631 hac

268 662 389 713 gravi
417 659 506 699 nube
530 672 600 698 non
617 658 682 714 ipse
710 667 855 698 tantum
883 655 1030 696 obrutus
1047 654 1130 710 ficit
1150 655 1307 708 pudendi
1334 652 1382 697 εἴ)
1393 651 1491 708 fleat
1513 666 1670 693 criminis
1691 667 1797 694 varie
1814 653 1858 693 ab
1877 654 1946 694 illis
1965 667 2030 694 ex-

271 725 377 780 preſji
392 738 473 765 reus
494 740 509 769 ‚·
525 724 594 779 fi’d
613 723 717 779 quast
730 724 868 779 injuria
890 723 989 761 intra
1018 721 1111 761 hanc
1134 721 1416 759 criminationem
1438 730 1507 757 non
1529 717 1668 758 deberet
1684 719 1789 772 stare
1810 747 1823 766 ,
1852 720 2030 774 exempla·

274 792 333 830 ria
351 791 506 844 historice
525 791 600 846 ejus
620 788 833 830 mirabiliter
850 788 1077 842 conspurcata
1102 783 1150 828 a&
1171 781 1380 838 interpolata
1401 783 1515 824 literis
1533 781 1634 822 modo
1653 784 1822 838 demptis,
1850 788 2000 824 mutatis
2013 813 2026 832 ,

276 856 436 913 appositis
458 855 584 910 vitiose
613 855 738 910 (quod
765 857 803 894 in
831 854 970 893 Graecis
985 851 1099 907 facile
1126 848 1334 904 contingit)
1363 847 1411 893 ὅ)
1437 849 1580 903 quidem
1605 858 1659 887 ita
1680 877 1692 895 ,
1722 857 1764 888 ut
1784 850 1864 902 fere
1890 852 2026 891 dixeris

273 922 400 968 ludum
405 924 537 980 scribis
557 921 627 962 illis
649 922 806 962 librariis
824 920 971 975 perinde
991 932 1034 958 ac
1054 914 1224 956 malevole
1246 915 1359 955 doc'i‘is
1384 914 1431 959 ἐν
1451 922 1631 953 certamen
1650 927 1753 952 noxae
1769 917 1952 956 Herodoto
1970 919 2027 956 in-

263 989 548 1049 ferendaefmffi’
570 1018 580 1037 ‚
609 997 650 1028 ut
667 989 734 1042 ista
753 987 897 1027 dulcedo
906 984 993 1042 styli
1013 983 1193 1039 quondam
1215 982 1388 1035 Olympiae
1411 979 1460 1026 a}
1478 979 1640 1020 Athenis
1664 981 1792 1019 audita
1819 994 1881 1020 nec
1908 994 2027 1021 nunus

274 1062 428 1101 materia
447 1070 510 1114 per
531 1059 770 1098 veracitatem
796 1054 937 1110 placens
953 1051 1056 1108 plane
1076 1050 1267 1091 deleretur.
1321 1048 1555 1102 Depreheudi
1575 1050 1612 1089 id
1627 1049 1736 1102 potest
1756 1061 1801 1087 ex
1826 1046 1895 1088 illis
1906 1078 1918 1097 ‚
1945 1064 2026 1104 quae

261 1126 357 1181 satis
380 1137 502 1168 macra
528 1123 575 1169 (ἶ)
595 1125 710 1164 navis
723 1122 925 1176 sanequam
944 1117 1052 1173 faeda
1075 1116 1185 1158 edidit
1208 1113 1328 1156 Aldus
1356 1115 1597 1168 acquiescente
1619 1113 1689 1153 illis
1712 1115 1945 1162 camerario,
1975 1116 2024 1160 όν

273 1207 353 1248 quae
373 1206 456 1233 mox
478 1204 558 1232 cum
581 1197 686 1230 tanta
708 1187 900 1242 farragine
921 1187 1116 1225 variarum
1141 1182 1333 1223 lectionum
1353 1180 1471 1220 Henr.
1490 1180 1705 1233 Stephanus.
1763 1181 1937 1235 Stephani
1959 1183 2024 1222 illa

273 1263 368 1301 ratio
387 1260 485 1301 docet
506 1258 635 1299 codices
656 1255 833 1296 Herodoti
843 1254 942 1308 satis
966 1251 1086 1306 densos
1099 1247 1278 1304 supereſje
1300 1276 1311 1294 ‚
1325 1247 1394 1301 sed
1419 1249 1639 1299 depravatos
1670 1248 1763 1285 mira
1785 1247 1996 1300 diversitate
2009 1274 2022 1295 ,

273 1335 316 1366 ut
343 1327 523 1381 eos-'starent
551 1326 589 1363 in
615 1325 692 1377 ejus
716 1321 850 1377 strzpto
884 1319 1106 1373 loquutiones
1131 1319 1299 1370 voceffque
1335 1324 1520 1366 nunquam
1547 1312 1591 1349 ab
1620 1310 1802 1350 Herodoto
1828 1322 1994 1367 cogitatae
2010 1341 2024 1360 ‚

269 1396 446 1450 praecipua
469 1389 686 1433 truculentia
710 1391 748 1428 in
767 1385 951 1443 particulis
970 1414 982 1433 ‚
1007 1383 1102 1440 quod
1123 1395 1291 1423 maximis
1318 1380 1429 1420 modis
1448 1392 1493 1418 ex
1518 1378 1630 1418 codice
1653 1379 1812 1419 Mediceo
1838 1384 1887 1420 ad
1910 1392 2024 1420 mira-

270 1461 400 1500 tionem
423 1457 529 1512 usque
552 1455 669 1497 didici.
731 1454 825 1506 6&Qus
846 1451 938 1492 illud
958 1451 1180 1506 desperatum
1204 1452 1242 1488 in
1268 1448 1356 1488 libro
1384 1460 1425 1486 lx
1449 1442 1665 1500 Α’μωζονιόοις
1693 1446 1748 1488 wig
1768 1447 1932 1494 xmssnag
1953 1460 2023 1487 mm

270 1527 324 1565 ita
344 1537 390 1565 ex
415 1520 595 1578 compaiio
615 1519 811 1573 conficitum
829 1547 841 1566 ,
866 1527 935 1558 aut
954 1516 1184 1573 excogitando
1212 1522 1448 1555 commentum
1469 1512 1517 1558 ἔγ
1535 1512 1598 1552 vel
1622 1512 1792 1567 ingeniose
1811 1512 1950 1565 fic‘tum
1972 1516 2023 1556 ad

270 1587 425 1632 ludibria
453 1586 611 1628 maioris
638 1597 736 1638 aeque
762 1597 804 1624 ac
827 1583 969 1624 lectoris
1000 1584 1108 1624 taedia
1135 1582 1239 1623 videt
1257 1588 1274 1622 ?
1301 1580 1368 1620 An
1387 1592 1456 1619 non
1482 1578 1656 1619 credimus
1677 1587 1801 1632 optime
1818 1579 1894 1619 haec
1916 1581 2022 1620 intel-

268 1654 361 1697 leffz‘a
373 1651 485 1708 fuiffe
505 1652 632 1705 optimo
651 1648 770 1689 Henr.
791 1649 973 1702 Stephano
991 1679 1001 1695 ,
1029 1650 1051 1688 λ
1074 1663 1141 1704 quo
1160 1647 1319 1702 refertur
1342 1649 1380 1685 in
1401 1645 1552 1684 iudicem
1578 1645 1616 1682 in
1640 1648 1902 1686 Amazonidas
1925 1660 2022 1701 prae-

269 1721 416 1760 clarum
448 1716 596 1756 facinus
627 1711 917 1752 Athenienfium
942 1740 955 1760 ,
977 1712 1137 1768 sequuto
1162 1711 1425 1766 Jungermano.
1485 1710 1590 1761 Qus
1617 1707 1720 1749 illam
1748 1708 2022 1752 abominandam

268 1784 449 1825 licentiam
471 1782 680 1821 citationum
703 1778 740 1817 in
768 1785 874 1817 tanta
900 1779 1112 1832 diversttate
1138 1794 1207 1820 non
1221 1780 1339 1833 sentit
1362 1777 1443 1817 inde
1459 1774 1613 1829 fluxiffe
1637 1782 1651 1815 ?
1678 1789 1757 1830 quae
1781 1779 1948 1831 nequivit
1975 1792 2022 1819 ex

266 1851 444 1891 memoriae
456 1844 598 1899 fiducia
621 1871 633 1890 ‚
663 1850 706 1882 ut
727 1842 911 1882 interdum
931 1845 971 1883 in
997 1847 1135 1900 exiguis
1159 1845 1259 1885 libris
1273 1842 1365 1895 fieri
1382 1849 1483 1882 amat
1505 1868 1518 1887 ,
1547 1841 1700 1894 eveniffe
1719 1870 1731 1888 ‚
1750 1841 1821 1896 sed
1841 1844 1935 1897 quod
1959 1846 2022 1887 vel

261 1921 518 1969 gravarentur
538 1908 722 1951 Herodoto
732 1907 845 1960 suum
866 1905 1063 1962 relinquere
1085 1938 1096 1957 ‚
1123 1909 1188 1950 vel
1207 1917 1394 1948 uterentur
1413 1905 1607 1961 exemplari
1631 1908 1669 1947 in
1697 1916 1843 1947 tantum
1867 1910 2017 1963 perdito.

324 1978 575 2020 Nihilominus
591 1986 701 2029 quum
719 1972 759 2012 hi
764 1971 820 2023 stc
833 1971 1094 2014 baccharentur
1107 2002 1118 2022 ,
1131 1988 1176 2015 ex
1196 1977 1308 2013 tantis
1330 1975 1564 2027 antiquorum
1578 1973 1718 2027 probris
1738 1973 1876 2026 emerstt
1893 1974 2021 2028 noster,

270 2046 436 2100 quoniam
454 2043 598 2084 interim
617 2053 686 2081 non
704 2037 897 2092 defuerunt
915 2039 1155 2092 prudentioris
1164 2039 1356 2092 fintentiae
1373 2041 1411 2078 in
1433 2048 1589 2093 utraque
1607 2036 1730 2093 lingua
1751 2040 1936 2089 auft'ores,
1955 2046 2020 2096 qui

272 2111 320 2156 dy
344 2108 539 2165 Musarum
560 2103 774 2160 exemplaria
781 2101 852 2155 sibi
872 2113 1177 2157 comparaverunt
1194 2105 1276 2144 bene
1298 2104 1506 2158 explorata,
1534 2104 1660 2146 relate
1681 2105 1745 2158 esta
1768 2107 1921 2160 vulgari
1935 2119 2020 2163 pro-

258 2176 446 2230 stitutione
464 2174 534 2215 illis
555 2171 688 2213 acerbis
710 2169 1020 2223 &impotentibus
1035 2170 1184 2210 dominis
1196 2185 1211 2215 ;
1244 2170 1292 2214 dy
1318 2172 1511 2225 probarent
1537 2172 1837 2226 fi’quercnturque
1867 2185 1910 2212 ac
1940 2173 2020 2213 lau-

269 2243 399 2283 darent
423 2239 647 2282 Herodotum
667 2235 714 2281 &⁴
732 2234 916 2289 historiam
930 2264 941 2282 ,
963 2244 1070 2291 prout
1085 2235 1152 2291 ipfh
1174 2234 1402 2289 distribuerat
1421 2243 1527 2290 atque
1552 2238 1655 2275 annis
1673 2265 1684 2283 ‚
1712 2237 1934 2286 nominibus,
1962 2251 2018 2279 or.

269 2306 350 2346 dine
367 2306 666 2359 interpunxerat:
696 2303 766 2340 imo
786 2299 951 2354 quiſsent
968 2299 1034 2355 ipsi
1050 2300 1313 2355 acquiescebant
1329 2300 1532 2341 Herodotea
1551 2300 1800 2356 dispensatione
1821 2310 2018 2356 temporum

269 2384 312 2411 ac
331 2383 453 2413 rerum
464 2399 476 2418 ,
493 2369 549 2423 fic
568 2368 693 2410 liberos
705 2366 790 2422 suos
811 2379 888 2406 eam
911 2365 1022 2421 ipsam
1044 2365 1090 2411 dy
1110 2380 1179 2405 non
1199 2366 1309 2406 aliam
1326 2365 1516 2412 docebant,
1543 2368 1682 2406 omnino
1691 2365 1895 2419 statuentes
1916 2366 2018 2408 illam

272 2437 423 2479 melioris
446 2450 550 2478 venae
574 2432 649 2488 effe.
706 2434 879 2492 Constant
899 2435 992 2473 enim
1007 2432 1080 2484 fibi
1103 2431 1296 2485 Dionysius
1322 2429 1615 2485 Halicarnaffieus
1634 2431 1678 2473 esf
1703 2432 1827 2473 Cicero
1848 2433 1886 2472 in
1907 2446 2018 2473 vene-

270 2504 383 2544 raudo
399 2501 582 2544 Herodoto
595 2529 607 2548 ,
635 2511 697 2540 nec
716 2499 760 2538 ab
780 2511 816 2538 eo
834 2497 959 2538 deduci
965 2497 1007 2552 fle
1027 2499 1227 2553 patiuntur.
1286 2497 1402 2551 Pristi
1423 2506 1515 2537 certe
1541 2495 1595 2536 illi
1616 2505 1748 2551 negant
1771 2496 1871 2537 aliud
1890 2509 2017 2538 oracu-

272 2568 346 2609 lum
366 2569 440 2623 peti
463 2565 553 2622 posse
574 2595 586 2614 ‚
602 2565 639 2620 fi
660 2565 698 2605 in
719 2563 786 2604 hac
812 2563 1026 2616 antiquitate
1054 2562 1235 2603 Herodoto
1257 2563 1479 2602 caruerimus
1496 2575 1512 2605 ;
1543 2560 1591 2605 ὠ·
1616 2560 1780 2613 Ctefiana
1796 2561 1862 2613 ista
1883 2561 2018 2602 malae-

271 2643 361 2674 runt
384 2633 497 2686 mergi
519 2628 652 2670 aterni
680 2626 850 2669 oblivione
872 2655 883 2673 ‚
911 2641 1022 2682 quum
1047 2626 1296 2682 proferrentur
1319 2626 1442 2681 ubique
1464 2625 1669 2666 Herodotea
1687 2641 1696 2665 .·
1724 2639 1766 2666 ne
1792 2627 1918 2667 audire
1937 2629 2019 2682 qui-

273 2698 353 2740 dem
375 2696 542 2751 Ctestana
564 2694 665 2735 licuit
690 2721 703 2740 ,
731 2706 841 2748 quum
862 2703 926 2747 per
944 2693 1156 2748 grandiores
1185 2692 1390 2733 Herodotea
1418 2691 1655 2746 personarent.
1709 2690 1823 2732 Immo
1851 2705 1914 2732 nee
1933 2693 2020 2747 ipsos

273 2766 334 2819 qui
357 2761 511 2815 Ctefiam
537 2758 782 2815 probaverunt
795 2786 806 2805 ,
834 2772 946 2812 quum
972 2758 1021 2799 ad
1047 2755 1188 2811 causam
1215 2755 1368 2807 historiae
1392 2768 1447 2798 res
1475 2757 1618 2796 veniret
1639 2785 1650 2803 ‚
1674 2755 1802 2796 videas
1827 2757 2019 2810 testimonio

276 2827 401 2882 Ctessae
428 2828 508 2874 uti,
535 2837 647 2879 quum
671 2823 796 2878 ubique
814 2823 853 2862 id
872 2825 910 2862 in
924 2821 967 2877 se
985 2825 1194 2876 experiatur
1215 2820 1430 2861 Herodotus.
1485 2820 1611 2876 Itaque
1630 2822 1675 2862 ab
1696 2819 1799 2876 isfius
1818 2834 1918 2868 (evo,
1944 2821 2020 2873 for.

263 2892 336 2947 san
357 2891 405 2938 ὠ·
425 2888 659 2944 chirographo
677 2915 690 2935 ,
716 2901 827 2943 quum
849 2886 896 2932 όν
914 2889 953 2926 in
975 2886 1067 2927 ludis
1091 2884 1280 2940 Olympieis
1299 2885 1346 2930 (γ
1368 2888 1406 2924 in
1432 2885 1501 2925 alio
1531 2886 1601 2927 loco
1621 2915 1632 2933 ‚
1657 2886 1718 2925 ubi
1737 2885 1901 2934 adstabat
1916 2887 2020 2940 patri

276 2954 496 3003 7hucvdides
515 2954 632 2995 adhuc
642 2953 774 3010 junior
792 2984 804 3002 ,
831 2952 895 2993 hoc
913 2953 961 3005 est
984 2980 997 2999 ‚
1024 2955 1180 2993 concione
1204 2951 1332 2991 Attica
1354 2979 1365 2997 ,
1391 2950 1517 3004 legerit
1543 2952 1610 2991 has
1634 2949 1822 2991 relationes
1842 2981 1854 2998 ‚
1881 2950 1944 2990 diu
1963 2963 2020 2991 re-

273 3021 480 3077 nianftrunt
493 3016 708 3074 exemplaria
728 3019 929 3071 incorrupte
948 3026 1104 3057 exarata
1125 3015 1173 3063 ό-
1190 3025 1285 3056 notae
1304 3014 1444 3069 prorsus
1462 3012 1644 3070 exquifitae
1656 3042 1668 3061 ,
1690 3013 1814 3054 multis
1834 3012 1934 3056 haud
1950 3013 2020 3055 du-

1964 3077 2017 3117 bie
