2112 3621
295 261 318 294 ί)
328 265 378 306 70

301 318 341 354 ad
358 326 456 364 panes
473 339 484 359 ,
510 313 630 348 farinas
645 311 681 346 δί
699 311 827 359 xylinas
844 310 948 345 vestes
966 321 1105 356 compa-

299 364 450 401 randum.
485 361 652 397 Vendunt
670 362 772 395 etiam
788 359 876 394 enses
891 384 903 403 ,
929 357 1048 406 quibus
1065 357 1104 392 ad

299 414 382 449 feras
400 410 578 459 capiendas
595 419 739 445 utuntur
753 433 765 453 ,
791 408 826 443 &
848 420 943 443 arcus
961 406 996 441 &
1008 407 1105 454 jacu-

299 463 340 498 la.
368 460 534 508 jaculandi
550 460 642 494 enim
666 458 701 492 ὃ(
716 470 795 493 arcu
819 456 959 491 feriendi
975 455 1107 490 solertia

300 510 472 546 excellunt
494 522 500 543 :
535 507 588 543 sed
615 507 784 542 bellorum
808 506 957 553 imperiti
977 530 989 549 ‚
1015 503 1107 551 quod

301 569 436 594 montes
454 558 561 593 invios
585 556 620 591 &
637 555 783 591 excelsos
806 554 971 589 incolunt.
1024 553 1107 587 Mu-

302 620 381 643 nera
403 608 449 643 eis
478 607 599 655 quinto
623 617 760 653 quoque
786 616 874 638 anno
905 615 963 637 rex
989 610 1108 649 erogat

303 669 375 692 xxx
394 655 558 704 myriades
584 666 721 689 arcuum
739 679 750 698 ,
777 654 810 688 &
830 651 1037 700 tragularum
1053 660 1107 684 to-

305 705 410 740 tidem
423 730 433 749 ,
453 705 688 752 peltarumque
704 702 907 745 duodecim,
928 699 962 734 &
979 698 1109 748 gladios

305 754 526 802 quinquagies
544 752 646 787 mille.
682 752 761 786 Nec
779 750 866 785 aedes
883 748 1006 784 habent
1018 769 1030 791 5
1055 746 1109 781 scd

306 804 341 837 in
363 802 526 850 speluncis
542 800 721 836 versantur.
762 800 859 834 Feras
884 810 953 832 non
977 806 1108 847 tantum

304 851 431 899 sagittis
451 850 485 885 ἃ
503 850 641 898 tragulis
666 850 699 883 in
720 858 842 883 venatu
860 847 1001 882 domant
1019 861 1029 886 3
1056 843 1109 878 led

304 903 406 935 etiam
433 898 624 934 insectando
656 898 871 945 assequuntur
900 895 935 928 &
965 893 1108 941 prehen-

305 949 401 984 dunt.
438 948 530 982 Nam
550 948 750 994 pernicitate
775 944 885 979 cursus
901 943 1024 977 valent.
1057 941 1110 975 U-

307 1009 405 1032 xores
421 997 557 1031 illorum
577 996 611 1030 in
636 995 781 1043 singulos
797 992 921 1028 menses
937 992 1049 1026 lavant
1064 988 1110 1023 se-

307 1046 404 1090 mel,
427 1058 509 1087 cum
527 1043 694 1079 menstrua
717 1043 762 1077 eis
787 1042 963 1090 profluunt
983 1064 994 1083 ,
1021 1047 1112 1073 cete-

307 1095 404 1142 roqui
420 1095 626 1140 neutiquam.
656 1093 731 1127 Viri
749 1105 767 1126 a
783 1090 919 1126 lavacris
933 1088 1110 1123 abstinent:

308 1155 424 1178 manus
442 1152 555 1177 tamen
578 1141 719 1176 abluunt
734 1165 746 1184 ,
775 1141 809 1175 ὃ(
834 1149 886 1174 ter
911 1149 970 1185 per
994 1134 1113 1170 mensis

308 1192 454 1239 spacium
473 1191 566 1225 olivo
590 1199 777 1238 unguntur.
826 1187 945 1223 Vestes
966 1184 1110 1237 nonha-

307 1241 390 1275 bent
406 1239 537 1283 densas,
563 1239 615 1273 scd
634 1250 734 1286 quarn
752 1235 972 1278 tenuissimas,
1000 1239 1018 1267 e
1034 1236 1111 1286 hin-

311 1288 454 1336 plicibus
463 1289 664 1332 coriis,tum
682 1287 744 1321 viri
761 1296 835 1320 tum
854 1284 1019 1319 mulieres.
1046 1282 1112 1315 Di-

309 1337 422 1372 tiffimi
447 1337 584 1384 quidem
611 1336 710 1370 lineas
728 1335 859 1382 gestant
876 1358 887 1376 ,
913 1331 967 1366 sed
988 1331 1113 1365 horum

308 1386 383 1421 sunt
409 1386 579 1433 perpauci.
627 1381 727 1417 Leeti
749 1382 826 1429 ipfis
843 1393 912 1416 non
929 1379 1003 1414 sunt
1020 1403 1033 1422 ,
1058 1377 1113 1411 sed

308 1435 375 1470 tori
391 1434 427 1468 &
442 1433 585 1480 stragula
600 1430 731 1465 rustica.
766 1427 1048 1477 Opulentiffimus
1063 1427 1114 1459 in-

308 1493 359 1517 ter
377 1494 434 1516 eos
449 1481 601 1515 censetur
620 1479 674 1513 cui
693 1477 879 1524 plurimum
897 1476 944 1511 est
970 1474 1114 1522 pecoris.

309 1540 421 1566 cetera
446 1528 616 1563 bonorum
640 1526 779 1574 perinde
802 1539 840 1561 ac
857 1524 1005 1572 vulgaris
1027 1521 1115 1556 aesti—

310 1588 431 1614 matur.
474 1577 626 1612 Caudam
644 1586 761 1611 omnes
777 1574 909 1623 gestant
931 1573 1026 1620 supra
1043 1569 1114 1605 clu-

309 1640 366 1662 nes
382 1629 475 1674 juxta
490 1626 645 1661 mulieres
661 1635 700 1659 ac
716 1623 800 1667 viri,
811 1635 881 1658 non
898 1622 995 1657 aliter
1014 1631 1115 1668 quam

309 1688 406 1712 canes
421 1701 433 1720 ,
457 1674 511 1710 sed
529 1674 750 1723 prolixiorem
766 1671 802 1707 &
817 1672 924 1721 magis
944 1668 1116 1705 hirsutam.

311 1725 401 1760 Cum
418 1724 551 1759 feminis
566 1722 748 1758 miscentur
762 1721 797 1755 in
813 1731 993 1769 quaternos
1001 1729 1117 1768 porre-

311 1773 356 1808 &i
373 1773 473 1821 pedes
488 1799 499 1818 ,
525 1784 647 1808 canum
666 1782 771 1806 more.
807 1770 903 1805 Nam
920 1769 1017 1804 aliter
1031 1765 1117 1814 ipsos

311 1823 403 1857 coire
422 1832 532 1870 turpe.
562 1822 678 1869 thue
688 1818 770 1868 justi
788 1818 882 1862 sunt,
906 1819 952 1853 ita
968 1814 1116 1866 longiffi-

313 1884 378 1906 mae
401 1872 489 1906 inter
503 1883 620 1906 omnes
643 1867 802 1903 mortales
820 1869 912 1902 vitae.
945 1867 1066 1902 vivunt
1081 1877 1115 1899 e-

311 1921 381 1955 nim
407 1932 510 1955 annos
537 1932 608 1954 Lxx
636 1919 670 1953 &
698 1929 728 1951 c.
755 1916 909 1951 nonnulli
935 1916 1038 1950 etiam
1063 1926 1116 1948 cc.

315 1969 414 2004 Ultra
433 1969 495 2003 hos
514 1969 618 2004 vitam
637 1965 824 2014 producere
841 1965 921 2000 alios
937 1963 1118 2013 perhibent

311 2018 352 2052 ad
374 2018 469 2052 fluvii
486 2018 606 2052 fontes.
646 2016 729 2050 Hoc
745 2026 853 2063 genus
870 2014 1049 2048 hominum
1067 2011 1118 2046 ni-

314 2078 377 2114 gro
395 2066 442 2100 est
457 2065 592 2110 colore,
616 2074 653 2100 ut
669 2064 705 2099 &
720 2063 825 2098 ceteri
844 2062 940 2107 Indi,
966 2061 1118 2107 nihilque

313 2115 423 2161 operis
442 2114 602 2149 traetant:
621 2125 684 2149 nec
701 2110 855 2160 frugibus
870 2111 1117 2154 vi&itaiit,nec

314 2164 406 2210 aquis
426 2162 514 2197 sitim
536 2162 770 2210 restinguunt;
790 2159 842 2194 scd
859 2159 1042 2194 numerosis
1058 2171 1117 2206 pe-

314 2223 434 2246 corum
457 2211 618 2259 gregibus
643 2210 768 2245 alendis
792 2207 924 2243 student
939 2234 950 2253 ,
984 2218 1022 2243 ut
1042 2208 1117 2242 sunt

313 2260 416 2295 boves
430 2285 442 2304 ,
471 2259 610 2306 capcllae
627 2285 638 2302 ,
665 2270 754 2293 oves.
787 2257 860 2291 Lac
876 2269 960 2305 ergo
974 2256 1117 2300 bibunt,

313 2309 348 2342 ὃς
366 2318 489 2356 praeter
506 2309 574 2342 hoc
591 2307 686 2342 nihil.
727 2305 840 2340 Infans
863 2306 898 2340 in
918 2308 1027 2341 lucem
1045 2305 1115 2339 edi-

312 2367 365 2393 tus
386 2367 476 2392 nates
497 2369 567 2391 non
591 2356 691 2391 habet
714 2353 896 2400 perforatas
912 2380 922 2398 ,
950 2367 1012 2389 nec
1028 2353 1116 2388 feces

314 2407 467 2454 corporis
483 2404 501 2439 e
518 2404 757 2453 posterioribus
783 2404 936 2437 excernit
954 2417 960 2437 :
986 2402 1038 2437 scd
1056 2413 1115 2435 co-

314 2467 370 2489 xas
386 2454 522 2502 quidem
539 2453 660 2497 habet,
678 2453 829 2487 foramen
848 2463 928 2485 vero
952 2457 959 2470 ¹
979 2451 1115 2486 coaluit.

314 2502 397 2537 Ideo
425 2515 493 2537 non
521 2513 637 2537 cacare
661 2501 715 2536 sed
739 2500 892 2547 mingere
921 2512 977 2534 eos
1003 2499 1116 2547 perhi-

313 2552 396 2587 bent
415 2551 573 2599 quiddam
591 2549 684 2586 caseo
701 2547 869 2591 adfimile,
889 2560 959 2583 non
975 2549 1116 2583 omnino

312 2600 445 2647 spissum
464 2625 475 2644 ,
501 2599 554 2634 sed
577 2598 765 2634 turbidum.
812 2595 994 2643 Postquam
1012 2598 1118 2646 igitur

316 2661 412 2683 mane
427 2649 468 2683 de
483 2647 568 2683 Inue
591 2648 739 2684 biberint
753 2672 765 2691 ,
791 2646 826 2680 ὃς
841 2644 908 2679 diei
924 2646 1038 2681 medio
1054 2647 1116 2681 itc-

315 2710 390 2731 rum
411 2696 578 2732 hauserint
595 2722 606 2740 ‚
634 2696 779 2731 radicem
797 2693 886 2741 apud
912 2706 967 2729 eos
983 2695 1118 2730 dulcem

316 2746 379 2779 effe
394 2745 530 2780 tradunt
547 2771 558 2789 ,
585 2757 661 2793 quae
678 2745 727 2779 lae
742 2745 776 2778 in
795 2743 984 2779 ventriculo
1000 2743 1118 2778 conso—

315 2793 407 2827 lidari
427 2806 496 2828 non
520 2793 605 2828 finit.
642 2793 715 2827 l-Iac
733 2791 881 2827 comesta
897 2792 986 2827 circa
1003 2792 1117 2840 vespe-

315 2853 385 2874 ram
403 2841 459 2875 sibi
479 2843 648 2876 vomitum
666 2841 851 2876 conciliant
868 2864 879 2883 ‚
906 2840 941 2875 &
959 2839 1026 2875 fine
1043 2853 1118 2875 mo-

315 2888 406 2922 lestia
422 2901 481 2935 per
499 2892 669 2924 vomitum
686 2889 807 2924 cuneta
825 2889 993 2935 rejiciunt.
1031 2890 1117 2923 Sunt

315 2937 576 2984 prieterealndis
592 2938 671 2972 alini
687 2937 857 2985 sylvestres
872 2937 964 2984 equis
980 2949 1072 2984 pares
1083 2940 1117 2973 ὅ(

502 222 788 289 cresiAE
836 241 911 285 IN
932 239 1289 283 DleoRuM
1341 217 1737 283 ExcsRPTA

1155 307 1356 356 quandoque
1379 310 1522 352 maiores
1540 331 1551 351 ,
1585 319 1709 355 corpus
1729 304 1823 350 albi,
1857 317 1961 353 caput

1156 357 1336 405 purpurei,
1361 352 1512 391 caeruleis
1529 355 1664 403 praediti
1681 355 1788 390 oculis
1806 368 1813 390 :
1840 355 1961 402 quibus

1156 418 1262 440 unum
1280 405 1326 439 cst
1342 417 1447 439 cornu
1465 418 1498 439 1n
1515 406 1627 439 fronte
1643 404 1801 440 cubitale.
1850 403 1961 449 Qlod

1157 454 1294 491 inferius
1318 454 1351 487 in
1367 465 1407 487 eo
1425 454 1472 487 est
1488 479 1498 497 ,
1525 453 1565 488 ad
1582 453 1731 488 frontem
1750 464 1892 501 vergens
1908 453 1959 488 bi-

1158 516 1217 539 nos
1234 503 1375 550 longum
1394 502 1694 548 palmos,omnino
1710 501 1842 536 album:
1867 502 1961 550 quod

1157 551 1281 588 sursum
1299 550 1428 593 tendit,
1447 559 1585 584 acutum
1602 550 1670 593 est,
1696 549 1798 597 idque
1812 552 1961 598 puniceo

1158 601 1281 637 rubore
1306 599 1452 634 excellit.
1504 598 1694 645 Reliquum
1721 598 1756 633 in
1782 599 1895 634 medio
1911 600 1962 634 ni-

1157 663 1258 700 grum
1276 648 1333 683 est.
1360 648 1414 682 Ex
1434 661 1475 682 eo
1493 647 1615 695 pocula
1631 646 1846 691 conficiunt,
1871 648 1962 683 unde

1158 701 1214 748 qui
1230 695 1535 744 biberint,spalino
1552 699 1612 742 (ut
1630 696 1783 737 narrant)
1801 707 1871 730 non
1886 708 1963 731 cor-

1159 749 1351 797 ripiuntur,
1378 758 1439 780 nec
1457 744 1578 780 morbo
1595 744 1686 779 sacro
1705 758 1712 779 :
1739 744 1844 789 adde,
1869 744 1962 792 quod

1161 810 1224 832 nec
1239 807 1372 831 veneno
1392 793 1617 830 succumbunt
1635 819 1646 838 ‚
1674 792 1742 828 five
1763 803 1840 828 ante
1856 818 1868 838 ,
1895 793 1963 829 five

1161 845 1236 894 post
1252 857 1293 879 ex
1318 844 1351 878 id
1375 855 1481 891 genus
1507 842 1639 891 poculis
1661 842 1714 877 vel
1737 843 1855 878 vinum
1870 867 1882 888 ,
1908 843 1962 878 vel

1160 906 1278 942 aquam
1296 918 1307 937 ‚
1333 903 1390 927 aut
1414 892 1503 927 aliud
1526 892 1658 940 quidvis
1681 891 1841 927 biberint.
1893 891 1964 926 Alii

1160 944 1296 991 quidem
1319 940 1400 975 alini
1423 950 1496 976 tuin
1524 943 1654 976 cicures
1673 950 1749 975 tum
1772 939 1963 988 sylvestres,

1161 993 1196 1027 ὅ(
1221 989 1386 1039 quicquid
1411 990 1459 1024 est
1485 989 1779 1037 solidungulorum
1812 991 1963 1025 animan-

1161 1042 1248 1076 tium
1260 1051 1342 1085 ,nce
1360 1038 1462 1082 talos,
1481 1051 1543 1074 nec
1559 1039 1603 1073 fel
1621 1037 1763 1074 habent:
1789 1037 1843 1073 sed
1861 1039 1896 1073 hi
1913 1038 1964 1075 so-

1162 1090 1183 1124 li
1197 1092 1228 1125 ὅ(
1246 1088 1380 1125 taxillos
1398 1087 1433 1122 &
1451 1087 1554 1123 bilem
1571 1089 1606 1122 in
1621 1097 1719 1136 epate
1736 1086 1872 1122 habent.
1892 1088 1964 1124 Ta-

1161 1139 1211 1173 lus
1227 1148 1319 1174 certc
1338 1136 1559 1184 pulcerriinus
1575 1137 1621 1171 est
1637 1136 1793 1173 omnium
1808 1149 1892 1184 quos
1901 1138 1965 1173 mi-'

1163 1188 1197 1221 hi
1215 1187 1329 1223 videre
1346 1186 1516 1234 contigit,
1528 1185 1641 1220 similis
1658 1186 1691 1221 ὃ(
1707 1197 1850 1233 compar
1866 1185 1965 1221 bovi-

1162 1248 1225 1271 no:
1251 1235 1304 1270 sed
1319 1235 1429 1283 gravis
1447 1235 1548 1269 instar
1565 1235 1717 1282 plumbi,
1737 1235 1853 1270 colore
1868 1237 1965 1283 peni-

1163 1295 1216 1320 tus
1233 1283 1464 1319 cinnaberino.
1492 1283 1687 1318 Velocitate
1704 1284 1772 1318 hoc
1790 1285 1911 1319 animal
1928 1286 1965 1321 &

1162 1333 1285 1368 robore
1311 1333 1442 1380 pollet:
1478 1333 1513 1368 δί
1539 1343 1602 1367 nec
1629 1344 1733 1379 equus
1748 1356 1760 1375 ,
1786 1344 1849 1367 nec
1874 1333 1965 1369 aliud

1162 1382 1337 1430 quippiam
1363 1380 1592 1430 persequendo
1616 1381 1698 1416 illud
1725 1380 1846 1428 assequi
1865 1382 1966 1418 valet.

1164 1430 1336 1477 Principio
1362 1429 1486 1465 tardius
1512 1430 1619 1465 currit
1634 1455 1646 1474 ,
1671 1429 1724 1464 sed
1746 1441 1815 1477 quo
1840 1430 1966 1467 diutius

1164 1477 1296 1513 cursum
1313 1479 1541 1525 persequitur,
1557 1490 1598 1512 eo
1614 1478 1798 1514 mirabilius
1811 1479 1966 1515 ardorem

1165 1527 1199 1562 &
1217 1526 1434 1561 velocitatem
1453 1528 1524 1574 ejus
1543 1526 1699 1561 intendit.
1732 1526 1808 1562 Alia
1822 1527 1895 1563 sane
1913 1542 1966 1564 ra·

1165 1576 1259 1609 tione
1275 1575 1350 1622 capi
1367 1575 1442 1609 haec
1457 1574 1555 1608 belua
1569 1584 1639 1608 non
1654 1575 1765 1621 potest
1775 1574 1846 1610 :sed
1860 1589 1965 1624 quan-

1164 1623 1210 1658 do
1234 1634 1384 1659 teneram
1407 1623 1518 1658 adhuc
1543 1621 1693 1657 sobolem
1716 1622 1756 1657 ad
1780 1623 1898 1670 pascua
1918 1624 1966 1660 se-

1166 1685 1245 1708 cum
1263 1671 1526 1707 circumducunt
1543 1697 1555 1716 ,
1581 1669 1601 1706 a
1621 1671 1801 1706 numeroso
1815 1673 1970 1720 equitatu

1166 1722 1414 1765 circumventi,
1432 1721 1550 1769 fugere
1564 1719 1699 1756 desertis
1714 1721 1813 1769 pullis
1828 1721 1969 1767 nolunt,

1166 1769 1220 1805 scd
1246 1783 1413 1806 cornuum
1446 1771 1517 1805 iem
1543 1770 1579 1805 δε
1604 1770 1750 1805 calcium
1776 1770 1908 1817 impetu
1934 1771 1970 1807 δί

1165 1819 1321 1855 dentium
1338 1818 1449 1854 morsu
1466 1828 1639 1868 pugnant,
1662 1819 1852 1867 multosque
1865 1832 1972 1868 equos

1166 1869 1201 1904 &
1223 1869 1313 1903 viros
1332 1869 1548 1904 interimunt.
1589 1867 1784 1915 Capiuntur
1799 1879 1914 1904 tamen
1934 1869 1971 1904 &2

1166 1916 1226 1965 ipfi
1246 1917 1373 1966 sagittis
1397 1917 1430 1952 δε
1452 1917 1571 1966 jaculis
1589 1916 1738 1952 confecti
1757 1930 1765 1952 ε
1792 1928 1869 1952 nam
1885 1917 1969 1954 salva

1166 1978 1223 2000 eos
1238 1968 1308 2001 vita
1323 1979 1392 2000 non
1409 1967 1547 2014 ceperis.
1584 1966 1632 2001 At
1648 1977 1762 2001 carnes
1778 1976 1921 2015 propter
1934 1979 1969 2001 a-

1167 2015 1404 2050 maritudinem
1423 2016 1566 2050 nimium
1593 2015 1634 2050 ab
1651 2015 1706 2050 esu
1731 2014 1805 2050 sunt
1831 2016 1967 2049 alienae:

1167 2073 1308 2111 propter
1322 2064 1499 2112 astragalos
1517 2066 1549 2099 ὃ(
1567 2075 1695 2098 cornua
1715 2073 1847 2099 tantum
1863 2075 1967 2111 expe-

1167 2122 1296 2147 tuntur.
1326 2113 1365 2146 In
1383 2113 1489 2148 fluvio
1507 2113 1670 2147 Indorum
1687 2112 1809 2147 vermis
1825 2111 1969 2147 nascitur

1168 2160 1295 2204 forma,
1313 2161 1401 2208 quali
1419 2162 1452 2195 in
1470 2161 1602 2195 ficubus
1617 2161 1812 2204 affolet‚v11
1830 2160 1966 2195 cubito-

1167 2221 1241 2243 rum
1258 2234 1269 2253 ,
1294 2209 1464 2244 interdum
1492 2209 1564 2256 plus
1587 2210 1696 2243 minus
1711 2233 1723 2252 ‚
1750 2209 1966 2256 prolixitate3

1168 2257 1378 2293 crassitudine
1391 2283 1403 2301 ,
1429 2267 1552 2304 quanta
1568 2257 1626 2291 vix
1643 2256 1662 2291 a
1681 2262 1693 2276 ²
1710 2269 1784 2292 xvn
1802 2270 1968 2292 annorum

1167 2306 1383 2341 adolescentis
1408 2306 1559 2340 manibus
1586 2305 1833 2353 comprehendi
1856 2317 1967 2354 queat.

1166 2355 1268 2389 Binos
1285 2355 1409 2390 habe-nt
1425 2355 1560 2398 dentes,
1586 2355 1728 2389 alterum
1746 2353 1841 2402 supra
1852 2381 1863 2399 ,
1885 2355 1967 2390 alte-

1166 2415 1240 2438 rum
1258 2402 1342 2449 infra
1356 2428 1368 2447 ,
1395 2406 1426 2438 ὃ(
1444 2403 1606 2450 quicquid
1629 2404 1839 2451 contigerint
1857 2404 1968 2438 denti-

1165 2451 1227 2486 bus
1249 2478 1260 2496 ,
1286 2452 1458 2487 devorant.
1510 2452 1663 2487 Interdiu
1689 2453 1724 2486 in
1750 2452 1846 2487 fluvii
1864 2464 1969 2488 coeno

1167 2500 1554 2543 commoranturmoftu
1571 2501 1809 2548 exspatiantur.
1830 2501 1876 2535 Et
1893 2502 1969 2549 qui-

1167 2561 1300 2597 cunque
1314 2549 1447 2584 illorum
1462 2549 1547 2583 sorte
1563 2548 1744 2584 offenderit
1762 2561 1966 2598 quemquam

1167 2598 1202 2631 in
1219 2609 1325 2642 terra,
1351 2598 1402 2632 vel
1423 2599 1566 2640 horem,
1593 2598 1646 2633 vel
1664 2598 1850 2642 camelum,
1875 2611 1966 2633 mor-

1168 2645 1304 2694 sumque
1322 2647 1493 2690 intulerit,
1507 2657 1706 2695 correptum
1724 2647 1827 2682 trahit
1844 2647 1880 2680 in
1896 2659 1966 2681 am-

1168 2707 1265 2739 nem,
1291 2694 1325 2730 &
1342 2705 1454 2729 toturn
1471 2705 1587 2739 vorat,
1614 2706 1739 2743 praeter
1751 2695 1874 2730 alvum.
1901 2695 1967 2729 Ca-

1169 2744 1259 2791 pitur
1272 2753 1383 2778 autem
1408 2744 1508 2778 hamo
1527 2744 1745 2792 praegrandi,
1771 2743 1825 2777 cui
1845 2743 1968 2778 hoedus

1167 2802 1223 2827 aut
1239 2803 1343 2840 agnus
1368 2791 1405 2826 iit
1422 2792 1595 2840 alligatus,
1622 2793 1656 2827 ὃ(
1673 2802 1800 2826 catena:
1816 2803 1859 2825 ex
1877 2790 1966 2826 ferro

1167 2840 1444 2875 accommodatae.
1497 2842 1646 2889 Captum
1664 2840 1733 2874 dies
1748 2851 1818 2874 xxx
1835 2838 1967 2887 suspen-

1166 2888 1250 2923 dunt
1266 2888 1348 2923 vasis
1375 2888 1538 2936 lubic-elis.
1589 2889 1693 2923 Tunc
1715 2888 1850 2935 pinguis
1865 2900 1907 2922 cx
1925 2901 1966 2923 co

1166 2937 1277 2984 liquor
1293 2937 1435 2971 destillat
1462 2938 1500 2971 :id
1521 2938 1668 2972 heminas
1685 2935 1802 2971 decem
1823 2937 1965 2971 Atticas.

1889 2985 1966 3021 Ela-

354 3080 375 3097 1.
393 3070 567 3107 Supplerimus
582 3071 680 3096 iuterim
695 3081 726 3095 ex
740 3071 845 3095 aliorum
860 3070 968 3101 rcrffime
982 3070 1084 3098 coaluit
1100 3086 1106 3103 ;
1126 3072 1151 3098 in
1165 3073 1273 3109 exemplo
1289 3071 1361 3103 (nujus
1376 3070 1589 3106 inlerprteatiaair
1606 3070 1723 3106 omisfiaem.
1761 3071 1862 3097 Vtinam
1877 3072 1966 3109 optimo

312 3115 345 3134 θ’
356 3106 509 3142 erudittffimo
524 3119 601 3134 amno
616 3107 709 3134 diuinis
724 3118 810 3135 vsrcre
824 3108 925 3142 [massi-t
936 3129 943 3139 ,
965 3114 998 3134 (J
1009 3111 1057 3144 sam
1077 3110 1121 3135 lxx(
1135 3114 1251 3146 retenjere
1266 3110 1322 3145 ipsi.
1357 3107 1405 3134 sed
1419 3107 1461 3135 deo
1475 3110 1549 3135 alnes
1567 3112 1657 3144 msam.
1696 3119 1718 3136 2.
1740 3110 1821 3136 Greia
1832 3111 1923 3145 saltem
1938 3109 1966 3137 de

308 3155 379 3181 puero
393 3145 490 3173 decenni
506 3145 593 3173 lrabeat
605 3167 612 3178 ,
635 3148 748 3177 τέ“.ιιε,ε’κ
764 3148 858 3174 naida.
876 3157 913 3172 >m
929 3147 1004 3173 aliter
1020 3148 1143 3175 [Elimas.
1158 3157 1187 3176 v..
1197 3146 1226 3175 de
1238 3149 1341 3175 amnml.
1357 3157 1375 3174 c.
1393 3157 1413 3174 ι.
