2112 3621
299 173 388 215 ET
429 168 827 213 OBSERVAT.
868 169 947 212 ΙΝ
987 169 1369 215 HERODOT.
1413 174 1524 215 LJB.
1566 174 1620 216 ΙΙ.

71 241 166 277 bium
183 241 240 276 lib.
254 251 332 282 111,
350 252 382 287 p.
398 245 475 284 136,
491 238 550 273 ubi
569 237 680 284 tangit
699 235 842 271 verbum
867 241 921 271 ἐπ-

69 291 246 327 «iacobum
263 288 299 322 ἃ
317 289 478 325 ὒὲηὶιθὲνσα.

126 352 139 373 1
151 342 204 382 18,
215 339 245 371 8.
273 346 351 371 Τοῖσι
369 341 532 384 Ο’ξφικοῖό·ι
549 337 750 379 καλεομένοισι
768 339 791 384 >35
806 344 921 381 Βακχι-

71 398 163 430 κοῖσι,
189 391 247 421 iim
266 385 285 430 ὃ
305 390 491 431 Αἰγυπτίοισι
509 401 533 433 ²9
553 384 814 431 Hveayoga'om]
843 385 921 417 Ma-

69 449 138 490 gna
153 435 228 469 haec
245 434 406 469 fabulatio
424 459 435 477 ‚
460 434 495 469 &
510 432 636 468 infiniti
660 432 735 467 libri
754 433 821 468 huc
839 444 921 467 con-

70 483 198 519 terendi
215 509 226 528 ‚
253 483 277 518 si
297 483 493 531 mysterium
510 483 577 517 hoc
592 481 754 529 explicari
778 483 841 516 rite
863 480 921 515 de-

71 533 175 568 beret.
227 532 293 567 Sed
309 533 382 567 illos
401 532 538 580 quidem
562 530 781 577 relinquimus
795 529 860 564 suae
879 528 920 563 fi-

70 581 125 616 dei
141 606 153 625 ‚
177 593 261 629 quos
276 580 345 617 fere
369 591 574 616 convocatos
596 579 759 627 plurimos
777 603 794 631 ⁹.
811 577 865 612 sed
882 587 920 612 ut

69 631 194 678 opinor
209 657 221 674 ,
254 631 378 666 invitos
401 630 547 679 opineris
570 628 638 662 illic
654 654 666 673 ,
691 627 750 662 ubi
775 627 833 662 iub
849 628 920 663 Or-

69 681 162 727 pheo
178 679 334 715 statuitur
347 681 477 714 latitare
494 676 619 713 Moses.
660 678 754 723 Quae
770 688 861 711 nunc
877 688 920 711 ex

67 728 256 764 Herodoto
272 729 423 764 audimus
441 753 453 771 ‚
476 725 622 762 mirifica
643 726 678 760 in
696 727 734 760 iis
750 726 920 766 monstra3

69 777 217 813 mirifica
232 776 428 825 conjunfifio
445 788 562 811 eorum
574 800 585 819 ,
613 786 689 821 quae
706 773 780 809 sunt
795 773 922 810 alienis-

71 826 153 862 sima
167 826 209 861 ab
223 825 254 861 se
269 827 429 862 invicem.
455 824 553 871 Quid
570 825 662 859 enim
679 823 748 858 est?
773 836 838 869 quae
856 825 921 858 Or-

63 876 157 920 phica
174 877 368 920 appellantur
385 875 425 914 ὅ
446 875 619 917 Bacchica,
637 915 642 919 ἡ
659 881 715 907 unt
738 881 842 907 autem
858 875 923 908 AE-

63 926 173 969 gyptia
183 924 223 963 ὅ
234 925 440 971 Pythagorea.
465 924 523 958 An
538 935 614 970 quae
629 921 670 957 ab
685 922 828 969 antiquis
839 923 923 957 Bac-

67 973 170 1007 chica
185 974 280 1021 orgia
295 973 568 1021 appellabantur,
597 970 794 1006 Herodotus
810 970 923 1006 nescio

68 1021 159 1056 unde
168 1021 307 1057 edoctus
323 1034 414 1056 nunc
432 1021 635 1069 pronunciat
651 1019 715 1054 effe
730 1019 846 1054 cadem
858 1021 923 1067 Py-

70 1070 243 1120 thagoreis
261 1069 274 1104 ?
299 1071 392 1116 Qiae
407 1070 476 1105 duo
493 1069 645 1104 instituta
668 1068 760 1103 fuere
776 1080 925 1114 unquam

71 1121 181 1168 magis
201 1119 327 1155 diversa
342 1120 354 1154 ?
383 1120 470 1155 Non
493 1119 583 1154 enim
600 1118 713 1165 agitur
728 1116 770 1150 de
786 1128 851 1150 una
867 1117 926 1150 ali-

69 1181 137 1216 qua
154 1170 316 1215 opinione
332 1178 389 1203 aut
406 1178 501 1216 parte
522 1167 691 1201 sacrorum
708 1164 766 1199 hic
783 1174 841 1198 aut
857 1164 926 1199 illic

67 1227 222 1252 enarrata
233 1217 275 1252 ab
291 1217 424 1265 aliquo,
448 1217 483 1250 in
499 1228 564 1263 qua
580 1222 767 1262 potuerunt
782 1225 927 1248 concor-

66 1266 160 1301 dare.
188 1266 255 1301 Sed
271 1266 435 1300 summam
450 1263 531 1299 sacri
546 1275 618 1298 rem
634 1260 819 1310 spe&a111us
829 1278 839 1304 3
851 1263 927 1297 haec

70 1314 169 1351 nullo
184 1325 307 1361 genere
324 1316 413 1350 inter
429 1313 489 1347 ista
505 1312 553 1347 est
572 1311 695 1346 similis.
732 1311 787 1345 An
803 1311 925 1359 proba-

71 1365 97 1399 ri
116 1363 239 1410 possint
265 1363 330 1398 ell'e
349 1362 520 1410 AEgyptia
537 1387 548 1405 ,
574 1361 636 1394 illis
660 1359 816 1407 relinquo
831 1385 842 1403 .,
868 1361 925 1408 qui

70 1411 221 1447 scribunt
238 1412 421 1459 Orpheum
434 1410 652 1460 AEgyptiacis
666 1407 847 1456 disciplinis
862 1410 926 1442 im-

40 1495 43 1497 ,
71 1460 196 1496 butum
223 1460 318 1496 fuisse
336 1486 347 1504 ,
373 1460 467 1508 quod
492 1460 566 1493 sane
591 1458 694 1492 refert
714 1457 927 1492 Marsbamus

69 1522 150 1558 pag.
165 1521 226 1556 143
245 1523 287 1545 ex
296 1510 444 1544 Tzetzae
460 1506 692 1546 Chiliadibus;
720 1514 758 1539 ut
774 1505 832 1539 vix
850 1518 926 1552 per-

70 1559 245 1607 egrinatus
262 1558 342 1591 illuc
358 1557 491 1603 legatur
501 1554 685 1602 Orpheus,
703 1552 765 1587 nifi
780 1554 869 1598 apud
887 1554 926 1588 il-

71 1607 123 1642 ios
138 1630 150 1649 ,
176 1606 234 1652 qui
251 1604 285 1640 id
308 1603 519 1639 nesciverunt
537 1618 548 1644 3
575 1611 708 1638 tantuin
726 1603 761 1635 in
777 1603 928 1638 Thracia

72 1656 112 1690 δ’,
129 1653 288 1702 oppofita
295 1654 445 1701 Phrygia
460 1652 494 1687 &
511 1652 631 1686 itinere
646 1651 686 1686 ad
702 1650 826 1686 inferos
840 1651 927 1686 cele-

72 1704 198 1739 bratus.
241 1702 412 1738 Bacchica
427 1711 542 1737 autem
559 1700 705 1735 solennia
725 1712 794 1734 non
812 1701 928 1748 exige-

72 1753 157 1788 bant
173 1751 280 1787 vestes
294 1751 413 1794 lineas,
430 1750 483 1786 sed
502 1747 769 1784 celebratiflimas
784 1747 852 1783 suas
869 1761 927 1784 ne·-

72 1801 185 1837 brides
201 1826 213 1845 ‚
242 1800 284 1835 de
310 1799 430 1848 quibus
454 1799 587 1834 notavit
614 1798 867 1844 Harpocration
893 1799 928 1833 in

72 1851 226 1888 :maximo
253 1859 388 1885 oratore
403 1850 423 1882 ἑὲ
442 1844 614 1895 νεὲῡίζονᾶ
631 1872 641 1890 ,
666 1858 767 1893 quem
787 1846 927 1882 illustrat

74 1911 212 1947 quoque
227 1898 379 1947 Scaliger
406 1899 440 1933 in
457 1895 748 1932 Animadversion.
775 1907 853 1944 pag.
874 1907 925 1944 33.

75 1949 191 1984 Immo
199 1973 210 1993 ,
221 1960 327 1996 quum
342 1947 542 1982 cerimonias
551 1944 730 1993 sepulturae
741 1944 926 1993 AEgyptias

74 1996 195 2032 referat
211 2023 222 2041 ,
255 1995 431 2045 quomodo
457 1996 618 2031 convenit
635 2020 647 2039 ,
673 2005 778 2041 quum
802 1994 926 2029 dixerit

73 2058 127 2081 eas
144 2045 209 2080 esse
227 2046 348 2081 similes
369 2046 468 2080 certis
484 2045 691 2080 Graecorum
716 2042 926 2087 cerimoniis,

74 2093 196 2130 addere
212 2095 338 2130 Graeca
360 2094 415 2130 illa
429 2096 532 2129 etiam
548 2092 611 2128 effe
628 2093 723 2140 AEgy
750 2094 796 2128 tia
813 2093 826 2127 ?
852 2102 925 2127 tum

73 2144 166 2179 enim
184 2156 253 2179 non
278 2143 361 2178 dicis
388 2143 508 2178 similes
524 2168 536 2186 ,
561 2141 614 2176 sed
640 2154 721 2189 pror
736 2153 770 2175 us
787 2141 925 2178 easdem.

73 2193 122 2229 Et
138 2192 227 2228 unde
245 2203 360 2228 tamen
385 2192 562 2227 credemus
588 2191 664 2226 haec
680 2191 849 2238 originem
870 2191 927 2226 ha-

73 2241 183 2278 bere?
209 2254 278 2277 non
293 2240 427 2277 aliunde
442 2267 454 2286 ‚
480 2253 581 2289 quam
606 2252 649 2275 ex
675 2239 795 2275 eodem
813 2240 928 2282 fonte,

75 2292 134 2338 qui
153 2300 208 2326 tot
222 2289 438 2339 ineptissimas
455 2302 560 2338 nugas
576 2288 752 2324 codicibus
769 2288 927 2324 Herodo-

75 2341 103 2375 ti
121 2341 287 2388 impegit,
312 2349 352 2374 ut
368 2352 452 2374 unus
468 2339 523 2374 ille
541 2337 717 2373 Mediceus
733 2339 879 2385 genuina
893 2349 927 2371 e-

71 2390 128 2437 jus
144 2387 265 2436 scripta
280 2388 321 2423 ad
339 2389 427 2424 hanc
443 2398 580 2423 aetatem
595 2385 791 2430 servaverit,
802 2387 859 2434 qui
877 2386 927 2421 id-

76 2438 171 2473 circo
203 2437 258 2471 vel
291 2439 464 2485 praecipue
498 2448 589 2471 nunc
629 2445 778 2471 meretur
812 2435 926 2470 fidem.

76 2486 174 2522 Nam
191 2486 226 2520 in
242 2485 304 2520 isto
320 2495 454 2521 tantum
470 2485 596 2534 legitur
612 2494 684 2519 τοῖσι
697 2489 853 2531 σξφικοῖσι
870 2499 925 2519 κοι-

75 2536 238 2581 λεομένοιζι
260 2537 284 2583 »ᾖ
304 2533 536 2581 Πυθαγορείοισι.
586 2533 626 2569 Id
649 2545 766 2569 verum
792 2533 855 2568 effe
871 2533 925 2568 vel

75 2584 155 2619 inde
171 2584 301 2631 opinari
318 2584 489 2631 poss'umus
505 2609 516 2628 ‚
543 2582 635 2631 quod
652 2582 766 2630 passim
785 2581 925 2630 scripto-

74 2645 126 2670 res
141 2632 372 2681 Pythagorica
387 2631 563 2668 trastantes
589 2632 694 2667 citare
715 2630 840 2666 soleant
855 2632 924 2666 Or-

75 2682 204 2731 pheum
231 2681 267 2715 &
293 2682 363 2729 ejus
385 2682 558 2726 carmina,
583 2681 660 2729 quia
684 2680 841 2716 videlicet
867 2680 926 2714 ista

76 2741 218 2779 utraque
232 2731 267 2764 in
283 2730 434 2777 plurimis
448 2729 708 2766 conveniebant.
735 2730 855 2777 Itaque
871 2729 925 2764 illa

75 2780 187 2816 media
211 2783 248 2816 εἰς
262 2779 354 2816 nantis
373 2779 514 2824 κόρακας.
564 2779 669 2815 Unde
693 2777 854 2814 maculosi
873 2777 924 2812 isti

75 2837 263 2877 potuerunt
279 2827 339 2863 sibi
355 2829 531 2876 imaginari
548 2828 589 2864 ab
608 2828 789 2864 Herodoto
804 2826 925 2874 scripta

76 2877 115 2912 &
129 2877 294 2926 appellata
317 2877 380 2912 esse
403 2877 546 2923 Βακχικαῖ
561 2902 573 2921 ,
598 2878 656 2925 qui
673 2876 780 2926 ipsum
799 2888 924 2911 numen

78 2925 195 2972 Βάκχον
211 2926 358 2974 appellet
373 2925 534 2974 nusquam
551 2951 563 2970 ‚
588 2927 645 2974 qui
663 2927 698 2962 in
713 2927 780 2961 hoc
797 2924 868 2974 ipso
884 2925 924 2959 li-

77 2973 142 3009 bro
159 2974 283 3011 dixerit
306 2976 347 3010 τοὶ
371 2977 435 3011 w&
451 2976 471 3008 ‘i-
489 2975 614 3010 A16vurov
630 2975 720 3022 c'a'gyeoo
739 3000 750 3020 ,
774 2975 831 3022 qui
847 2983 924 3008 Bom-

77 3022 178 3068 χόῦειν
196 3031 328 3058 tantum
351 3023 387 3058 &
405 3030 549 3070 Βακχεῖον
567 3034 606 3059 ut
621 3024 746 3060 Graeca
760 3022 926 3059 vocabula

79 3071 226 3119 usurpet.
260 3083 382 3121 nempe
403 3073 493 3108 unde
516 3072 637 3108 fimiles
653 3073 716 3109 illis
733 3083 879 3121 potuere,
891 3072 927 3106 in

77 3120 226 3156 indicem
235 3120 370 3159 mittere
382 3121 647 3169 [Bacchantium
661 3135 704 3160 ex
714 3124 748 3169 8,
758 3121 809 3169 6.]
820 3121 879 3159 ubi
893 3133 927 3157 a-

947 246 960 725 i

1753 176 1828 227 883

980 239 1075 286 gitur
1089 239 1131 273 de
1147 240 1290 286 mystico
1308 241 1459 277 Iaccho?
1471 243 1603 290 Utique
1619 255 1661 277 ex
1675 243 1833 291 AEgypto

982 286 1138 334 pleraque
1165 289 1291 324 Graeca
1312 291 1437 326 vcniss'e
1455 293 1525 338 jam
1549 293 1637 328 dixit
1653 319 1664 338 ‚
1696 303 1734 328 ut
1760 305 1830 331 non

980 337 1109 370 necefl'e
1125 336 1165 371 fit
1180 337 1301 372 addere
1318 345 1376 373 ἐὲσι
1394 341 1412 385 {3
1429 343 1614 386 Αἰγυπῖέαισι.

1033 396 1044 418 1
1058 396 1069 418 1
1080 386 1113 429 8,
1128 397 1179 431 14.
1209 389 1332 421 O‘Tsom
1345 389 1517 436 ἑγκυςῆσᾷ]
1532 392 1606 426 MS.
1618 395 1719 428 τέοισι.
1735 393 1831 429 Mul-

979 433 1087 480 tiplex
1104 435 1247 469 omnino
1264 435 1299 469 δί
1317 437 1472 472 crebrum
1500 441 1534 473 in
1561 440 1618 475 usu
1637 442 1828 487 Herodoti,

979 492 1016 515 ut
1034 493 1147 529 patere
1164 483 1276 529 potest
1290 497 1333 520 ex
1349 486 1562 522 collestaneis
1578 490 1684 524 Porti.
1709 492 1775 526 Sed
1791 492 1828 526 &

978 541 1061 565 mox
1085 532 1254 579 conspirat
1278 545 1357 568 cum
1374 535 1550 570 codicibus
1568 537 1731 585 Stephani
1747 542 1828 576 Flo-

977 580 1128 614 rentinus
1144 581 1179 615 in
1194 580 1336 616 verbum
1356 584 1485 631 οἰνᾰῢξηζῇ
1496 609 1508 628 ,
1533 585 1580 620 ita
1596 596 1634 621 ut
1651 588 1752 623 etiam
1768 591 1828 624 ha—

976 626 1055 664 beat
1070 634 1154 670 σφὶν.

1028 690 1041 711 1
1054 676 1174 723 18‚25.
1202 681 1256 716 nou*
1267 680 1455 728 A’Olwaim]
1483 682 1564 717 MS.
1581 683 1760 729 A’erjvnffiut
1777 685 1829 722 su-

977 738 1036 778 pra
1050 729 1185 773 ἀνάγκης
1202 729 1332 764 maluit.
1359 730 1425 765 Sed
1443 732 1500 765 hic
1517 731 1611 767 locus
1626 736 1747 770 acriter
1763 736 1827 771 ob-

975 778 1121 810 iervatus
1136 776 1185 811 est
1199 778 1235 812 in
1252 778 1418 813 honorem
1438 780 1605 816 Minerva:
1622 783 1770 820 fatidicae
1786 784 1829 820 ab

977 824 1186 871 Spanhemio
1203 826 1243 860 ad
1261 826 1462 862 Callimach.
1480 842 1556 878 pag.
1567 835 1648 867 620.
1666 832 1702 867 &
1717 834 1828 870 Lato-

976 885 1030 907 nae
1045 897 1056 916 ‚
1082 872 1123 907 de
1139 886 1204 921 qua
1220 887 1305 910 mox
1322 875 1471 924 sequitur
1485 903 1497 922 ‚
1521 881 1555 913 in
1573 892 1650 929 pag.
1669 893 1751 929 524,
1766 883 1827 918 ubi

976 921 1077 956 habes
1103 921 1140 956 ὃς
1154 924 1320 969 Aseffinios
1341 927 1374 959 in
1390 926 1516 962 Achaia
1533 928 1568 963 ὃς
1588 931 1621 964 in
1645 932 1718 966 urbe
1733 933 1829 967 Bubi.

976 970 1069 1004 Bene
1094 971 1182 1006 hanc
1199 972 1322 1012 A‘On‘vlw
1341 975 1517 1011 Herodoti
1541 976 1667 1025 specstat
1692 981 1727 1015 in
1743 993 1829 1016 voce

976 1021 1053 1058 Νηὶθ
1074 1020 1289 1057 Marshamus
1304 1021 1428 1058 saeculo
1444 1037 1494 1060 vn
1511 1038 1587 1075 pag.
1597 1027 1654 1071 89.
1687 1030 1743 1064 Ad
1758 1031 1828 1066 Bu-

977 1075 1052 1101 tum
1068 1068 1187 1104 urbem
1203 1071 1441 1108 vindicandam
1459 1074 1606 1110 Latonae
1629 1076 1830 1114 instrumen-

978 1124 1012 1148 ta
1021 1116 1216 1169 validiffifna
1224 1120 1356 1166 praebet
1366 1121 1575 1170 Epiphanius
1590 1125 1680 1173 apud
1692 1128 1829 1178 Pignor.

980 1163 1109 1198 Mensae
1126 1164 1242 1200 Iliacae
1259 1170 1383 1215 pagina
1400 1175 1453 1205 26.

1033 1223 1046 1245 1
1059 1213 1178 1259 ¹8233·
1208 1216 1326 1260 01¹0*ss
1342 1217 1418 1258 aa&
1433 1222 1552 1268 νηδιιό]
1579 1224 1660 1258 MS.
1677 1233 1702 1259 οἱ
1721 1226 1739 1270 {2³
1756 1227 1833 1268 κοιξᾳ)

979 1261 1082 1299 insu).
1135 1262 1182 1297 Et
1198 1262 1321 1299 sufficit
1338 1279 1345 1299 :
1373 1266 1450 1301 ideo
1461 1274 1602 1312 partium
1619 1284 1660 1306 ex
1678 1274 1831 1310 versione

979 1309 1099 1345 delevi.
1128 1310 1216 1347 Non
1233 1313 1403 1361 assequor,
1414 1317 1503 1352 unde
1513 1319 1728 1356 Mercurialis
1740 1323 1797 1357 lib.
1812 1335 1832 1357 2

979 1358 1061 1411 Vas.
1078 1359 1176 1394 Leet.
1195 1373 1225 1396 c.
1247 1363 1265 1395 8
1293 1364 1386 1398 hunc
1404 1364 1517 1401 locum
1536 1368 1682 1417 allegans
1696 1369 1832 1420 scrip&-

977 1417 1021 1441 rit
1038 1414 1063 1440 οἱ
1079 1409 1098 1452 {jx
1115 1413 1140 1443 “i-⁸
1155 1409 1232 1450 κκῗς)
1249 1413 1332 1449 νηδῦν
1348 1413 1365 1451 ἦ
1382 1417 1407 1447 ''7²'‘
1425 1418 1560 1454 οίφοινὲων
1578 1420 1672 1452 instruar.

1030 1457 1175 1508 i18,34.
1205 1459 1317 1511 ῷςῖῶοι
1335 1461 1388 1509 {7⁸2}
1408 1463 1600 1511 vueod&c.]
1629 1468 1668 1500 In
1685 1468 1831 1516 ingreffu

988 1515 1078 1551 fflJUS
1101 1515 1251 1540 materia:
1284 1507 1415 1543 bonum
1449 1512 1513 1545 erit
1546 1515 1706 1549 audiviss'e
1730 1519 1833 1553 verba

980 1551 1087 1604 Laur.⁴
1103 1554 1257 1607 Pignorii
1275 1581 1287 1600 ‚
1312 1569 1389 1604 quae
1414 1557 1529 1594 scribit
1552 1562 1587 1596 in
1605 1563 1831 1611 Ezzpofitione

981 1601 1111 1635 Menlae
1131 1602 1245 1638 lhacae
1264 1607 1388 1654 pagina
1410 1608 1523 1643 citata.
1569 1613 1615 1645 Ut
1630 1612 1778 1658 ficsspimri
1792 1618 1832 1650 li—

979 1657 1044 1683 ceat
1051 1651 1242 1686 Herodotum
1260 1654 1467 1701 defimerjbus
1475 1654 1695 1705 AEgypsl'oi‘lbn
1713 1665 1833 1710 loqui.-

980 1706 1041 1750 tem
1057 1701 1196 1751 rengione
1213 1704 1318 1749 aliqua
1337 1706 1514 1750 inpeditam
1525 1733 1536 1752 ‚
1563 1710 1625 1744 Ori
1641 1724 1747 1747 nomen
1764 1726 1831 1748 con-

971 1748 1056 1792 sulto
1066 1748 1253 1796 Jttbticuiſjb.

1034 1795 1113 1850 1⁴18³
1127 1797 1177 1844 38.
1206 1800 1431 1843 Τῖαἳκεφσιλῖα)
1448 1812 1536 1852 πηλῷ
1553 1806 1574 1844 ἒ
1593 1808 1828 1859 τέτωῇᾆσωπον]

981 1842 1032 1879 Ut
1043 1847 1333 1885 nnedistinffione
1349 1851 1531 1890 affeehrum
1549 1869 1758 1908 unaquaeque
1772 1861 1831 1896 de-

980 1903 1116 1941 turpare
1131 1897 1322 1933 universum
1342 1900 1423 1935 illud
1444 1903 1582 1940 deberet
1597 1931 1608 1950 ,
1634 1909 1668 1943 in
1689 1922 1757 1956 quo
1776 1923 1832 1944 or-

980 1942 1090 1997 nando
1108 1946 1321 1994 praecipuum
1339 1949 1439 1985 decus
1457 1965 1602 2000 ponunt.
1642 1957 1746 1993 Rude
1764 1959 1832 1995 hoc

980 1991 1015 2046 &f
1025 2004 1228 2047 inamaenum
1244 1995 1469 2044 specstaculum
1479 2027 1490 2045 ,
1509 2003 1545 2037 &
1555 2003 1688 2041 dubites
1703 2019 1744 2042 an
1760 2020 1830 2043 non

979 2053 1133 2095 nimium.
1162 2042 1291 2080 Nonne
1308 2046 1381 2082 fiitis
1394 2048 1516 2094 suerit,
1528 2051 1551 2086 fi
1569 2053 1768 2090 alterutrum
1788 2058 1834 2092 ita

978 2092 1199 2146 inquinetur}
1220 2093 1326 2130 Certe
1342 2095 1414 2132 satis
1430 2098 1524 2134 fuiffe
1544 2112 1640 2148 putat
1660 2105 1738 2140 MS.
1751 2107 1830 2141 Me-

977 2139 1091 2175 diceus
1106 2165 1118 2184 ‚
1144 2153 1201 2188 qui
1217 2142 1342 2180 docens
1359 2148 1511 2183 omillam
1528 2150 1591 2185 effe
1609 2164 1731 2188 vocem
1748 2154 1831 2189 leni-

980 2198 1031 2223 ter
1047 2190 1162 2224 omnia
1174 2190 1263 2227 sanat
1280 2192 1316 2227 &
1331 2194 1415 2243 legit
1432 2198 1494 2230 τία)
1510 2202 1659 2241 neemia)
1673 2209 1759 2241 πηλᾶ
1775 2204 1791 2243 ἢ
1807 2203 1830 2240 σὲ

979 2237 1011 2272 τὸ
1031 2238 1206 2280 ωύσωπον.
1245 2242 1411 2291 Agnoscis
1429 2246 1532 2281 credo
1551 2260 1650 2295 quam
1666 2241 1778 2286 sedule
1796 2253 1833 2287 ὅῑ

979 2297 1134 2322 accurate
1160 2288 1194 2322 id
1219 2288 1382 2339 scriptum
1408 2294 1538 2337 fuerit;
1573 2310 1673 2345 quam
1698 2302 1831 2347 penitus

980 2335 1068 2372 oleat
1086 2337 1257 2374 Herodoti
1280 2352 1394 2376 curam
1413 2360 1425 2385 ;
1453 2357 1553 2392 quarn
1579 2359 1746 2395 congruat
1769 2350 1832 2385 do—

978 2385 1126 2421 mcsticae
1136 2386 1370 2425 familiaritatis
1384 2392 1533 2440 ingenio.
1561 2395 1750 2443 Nunquam
1761 2411 1831 2434 non

978 2435 1024 2488 ita
1049 2436 1222 2489 contingit
1237 2463 1249 2482 ,
1273 2449 1312 2473 ut
1335 2439 1505 2477 diversitas
1531 2442 1570 2477 fit
1598 2445 1831 2492 propensionis

978 2496 1013 2518 in
1037 2485 1236 2538 conmufitos
1251 2511 1263 2531 ‚
1295 2488 1385 2523 unde
1411 2502 1479 2537 quo
1506 2491 1642 2539 quisque
1667 2495 1831 2531 cariorem

978 2531 1134 2587 amisisset
1150 2559 1162 2577 ‚
1189 2546 1230 2569 eo
1249 2538 1356 2586 magis
1381 2538 1487 2574 oblini
1513 2539 1626 2577 solitos
1642 2541 1831 2591 superstites

978 2591 1098 2616 1nnu1t.
1292 2626 1295 2627 ⁷

1031 2629 1110 2676 118,
1125 2644 1182 2678 47.
1217 2634 1364 2682 Aamu‘zeCa
1382 2636 1477 2686 δῖα]
1518 2640 1565 2675 Et
1581 2641 1638 2676 hic
1665 2640 1702 2677 ἃ
1720 2641 1831 2679 statim

978 2678 1057 2715 MS.
1076 2681 1233 2718 δεικνύασι.
1261 2684 1360 2720 Adde
1376 2686 1434 2722 lib.
1449 2700 1463 2736 3
1483 2701 1555 2737 cap.
1571 2702 1583 2724 1
1596 2702 1649 2731 19.

1030 2740 1042 2762 1
1055 2741 1066 2763 1
1074 2741 1134 2783 9³}
1144 2741 1175 2776 5.
1195 2733 1372 2779 Θυμιῆμωζι
1382 2741 1638 2786 τετμμμὲνοιζι]
1667 2739 1723 2776 Sic
1733 2753 1830 2777 com-

978 2776 1087 2831 pulsus
1104 2781 1151 2812 fur
1169 2791 1261 2815 nunc
1277 2782 1395 2827 edere,
1414 2798 1520 2834 quum
1537 2788 1672 2824 codices
1682 2789 1826 2838 Stepha-

977 2837 1011 2879 ni
1029 2825 1187 2862 consensu
1211 2841 1291 2865 cum
1310 2833 1474 2870 Mediceo
1499 2836 1725 2885 relinquerent
1742 2840 1827 2874 nihil

976 2873 1143 2917 hberum5
1171 2875 1209 2911 &
1223 2879 1400 2930 vulgatum
1422 2886 1714 2934 ώτετωμμένοιζι
1732 2888 1830 2935 plane

977 2935 1047 2958 non
1063 2923 1152 2959 foret
1167 2926 1295 2963 melius,
1347 2931 1460 2968 Immo
1484 2935 1519 2971 ὃς
1537 2936 1712 2971 Salmasius
1727 2938 1762 2970 in
1778 2937 1828 2970 ci-

977 2971 1080 3007 tando
1097 2973 1165 3010 hoc
1191 2975 1270 3012 loco
1289 2982 1441 3027 praetulit
1463 2982 1605 3031 fimplex
1622 2985 1657 3018 in
1675 2984 1831 3019 Plinianis

978 3032 1055 3070 pag.
1075 3022 1177 3069 1058,
1196 3027 1254 3072 qui
1271 3036 1384 3064 tamen
1402 3032 1437 3067 in
1454 3032 1560 3068 altero
1578 3058 1589 3076 ‚
1615 3030 1707 3078 quod
1724 3030 1831 3080 sequi-

978 3078 1034 3106 tur
1051 3096 1062 3114 ,
1087 3075 1114 3106 ἴ-
1137 3072 1227 3108 ἀόλων
1254 3079 1462 3124 θυμιημάτων
1482 3106 1493 3124 ,
1527 3081 1646 3115 codem
1673 3080 1832 3117 consensu

978 3118 1160 3166 probatum
1180 3147 1194 3169 ,
1227 3122 1406 3163 deseruerit
1424 3155 1435 3173 ‚
1468 3130 1612 3164 retinens
1637 3130 1829 3176 θυωμάτων,

1379 3177 1508 3212 Tttrt
1534 3188 1552 3211 ,ι
1759 3178 1826 3214 fine.
