2112 3621
259 208 344 251 9²4

263 259 548 310 significationem
570 269 612 291 ex
637 256 711 303 lege
737 256 871 304 penitus
898 254 1036 287 Graecae
1058 263 1118 285 vo-

265 313 331 351 cis3
359 320 516 356 tanquam
535 306 638 341 tacite
656 304 820 340 indicaret
837 303 867 338 se
884 315 927 337 ex
940 299 1118 335 Herodoto

271 356 422 393 didiciss'e
443 358 515 391 vim
540 357 611 401 eius
628 355 720 388 vocis
737 379 748 398 ,
776 353 810 387 ἃ
829 352 931 387 talem
957 351 1119 402 ὡφ-ερὲρι

264 407 360 442 faiss'c
380 405 525 449 Abarin,
543 398 642 453 quem
661 403 830 450 principio
847 399 965 448 capitis
986 405 1026 446 36
1041 399 1117 435 scri-

265 456 316 491 bit
333 453 450 490 auc'tor
475 455 521 489 ita
544 451 705 487 celebrari
731 455 767 488 ὥς
792 452 838 485 τὸν
865 449 937 486 miv
957 450 1106 492 ωδὲφερε

268 504 336 540 Sed
353 506 387 539 in
406 503 467 538 ista
488 514 630 548 utraque
645 526 656 545 ,
683 513 784 548 quem
801 498 903 534 debet
919 523 930 542 ,
957 507 1117 545 magnum

268 556 395 588 excitat
413 553 522 587 risum>
558 550 655 594 Qud
672 550 762 585 enim
781 548 794 582 ?
819 560 861 583 an
876 548 943 582 hoc
960 546 1007 580 est
1023 548 1117 592 inge-

268 603 326 638 nio
345 602 379 636 ἃ
401 601 506 636 Musis
523 600 675 648 operari,
702 608 739 633 ut
755 609 877 632 vocem
893 607 984 631 mere
1001 595 1117 630 bai-ba-

268 664 339 687 ram
367 651 511 698 trajicias
538 650 571 683 in
589 649 761 683 Graeciam
781 646 793 680 ?
828 646 885 681 Est
909 645 1027 691 utique
1052 653 1119 677 vox

270 699 444 748 Scythica.
470 699 589 743 Quum
614 696 801 743 Hesychius
815 694 934 729 scribat
953 698 1120 737 Πεςφὲςες,

267 752 394 795 θεωροὶ,
412 759 559 794 eumque
584 746 697 780 locum
717 744 840 793 alleget
862 749 1031 790 oportune
1048 739 1120 774 Th.

270 797 380 840 Gale,
398 809 459 831 cur
474 797 508 830 in
524 808 562 830 ea
578 794 740 843 scriptura
755 794 790 828 (Se
807 790 1035 842 explicatione
1052 799 1120 822 non

270 847 387 895 potuit
404 843 634 893 acquiescere?
660 845 747 878 Sunt
762 843 852 877 enim
871 840 931 875 ista
945 836 1121 879 verissima,

271 895 308 929 &
324 900 484 941 περφερὲες
500 893 541 928 ab
564 895 640 927 MS.
661 891 822 926 Mediceo
838 890 940 924 etiam
957 886 1121 921 exhiben-

268 953 339 988 tur,
350 954 388 978 ut
397 943 438 977 de
446 955 486 977 eo
496 941 641 976 dubitari
659 953 727 974 non
742 940 876 982 debeat,
887 944 990 988 prout
1002 946 1063 968 nec
1080 933 1121 967 dc

270 993 502 1040 explicatione
520 989 701 1036 Hesychii,
728 989 763 1022 ὃ(
781 987 917 1034 Scythis
934 984 1120 1030 relinquan-

271 1051 330 1076 tur
345 1039 398 1074 sua
415 1064 426 1082 ,
450 1037 510 1073 etfi
528 1037 699 1072 nonnullae
717 1048 834 1071 eorum
851 1045 951 1069 voces
978 1031 1120 1066 habeam

271 1088 399 1136 aliquid
415 1088 566 1122 vicinum
584 1087 733 1129 Graeco,
761 1095 798 1120 ut
814 1084 849 1118 in
866 1083 976 1130 capite
993 1079 1037 1126 48
1058 1080 1120 1114 flu—

270 1139 365 1173 vium
391 1135 506 1171 scribit
534 1136 671 1184 Scythis
696 1134 812 1182 Ho'goa'loe
838 1132 952 1167 vocari
975 1155 987 1174 ,
1021 1140 1119 1177 quenl

271 1186 391 1223 Gl‘aeci
406 1185 549 1232 Πυςξτᾶν.

324 1245 403 1283 233,
426 1245 453 1279 ζ.
492 1236 555 1267 Οὐκ
577 1231 647 1266 οἵνάῖι
672 1236 767 1277 πυρῶν
791 1228 933 1273 καλάμης
951 1226 1067 1264 &uinea
1085 1225 1125 1258 ’τοῖ

271 1285 365 1331 1592]
401 1282 506 1317 Certe
530 1292 667 1328 operam
693 1279 846 1314 abutitur
865 1277 1063 1313 Herodotus
1089 1275 1122 1308 in

272 1332 406 1367 minimi
423 1330 589 1365 momenti
607 1330 872 1375 comparatione.
915 1326 1011 1369 Quid
1030 1335 1120 1357 nam-

274 1394 340 1429 que
357 1380 439 1415 facit
457 1379 497 1414 ad
516 1378 602 1412 sacra
619 1377 926 1425 Hyperboreorurn
942 1400 953 1418 ,
979 1383 1124 1426 quorum

273 1430 449 1466 solennitas
466 1427 501 1461 &t
518 1426 759 1460 sacramentum
787 1423 878 1471 quafi
901 1433 972 1456 erat
987 1426 1075 1455 sacra
1092 1431 1126 1452 m

274 1476 487 1514 straminibus
504 1483 636 1520 portare
653 1498 663 1516 ,
691 1472 713 1506 fi
733 1471 856 1506 alicubi
873 1470 1029 1505 stramina
1047 1479 1126 1521 cuin

274 1527 368 1562 sacris
405 1523 531 1558 fuerint
564 1520 740 1556 combusta
766 1520 802 1554 &
828 1519 1002 1554 immolata
1025 1517 1038 1551 ?
1071 1530 1129 1565 qui

275 1587 349 1610 mos
366 1571 506 1608 fortaffis
521 1583 590 1605 non
610 1570 715 1604 modo
742 1569 960 1604 foeminarum
979 1567 1126 1602 Thraci—

274 1635 391 1659 carum
408 1647 420 1666 ,
446 1633 525 1669 quas
543 1618 636 1654 velut
653 1619 826 1667 praecipue
851 1618 886 1652 in
903 1618 975 1660 ,hac
992 1628 1027 1650 re
1044 1616 1126 1650 emi-

276 1682 393 1708 nentes
419 1670 563 1705 advocat
580 1694 591 1712 ,
617 1667 671 1702 sed
695 1669 798 1702 etiam
825 1666 973 1714 plurium
989 1665 1127 1700 aliarum

276 1722 342 1756 fuit
360 1746 372 1764 ,
406 1729 446 1754 ut
469 1718 521 1754 vel
549 1719 719 1765 integrum
744 1717 860 1765 ignem
894 1728 936 1750 ex
971 1714 1127 1749 stramine

276 1769 488 1805 conficerent
502 1767 555 1801 vel
570 1766 684 1801 saltem
707 1778 748 1799 eo
766 1764 995 1800 incenderent.
1038 1764 1126 1809 Qiis

276 1820 353 1854 haec
371 1815 564 1852 intellexit?
591 1815 668 1849 Nos
683 1814 807 1849 abhinc
826 1813 944 1848 melius
959 1813 1000 1848 de
1013 1813 1124 1847 Hero-

274 1868 360 1903 doto
376 1866 569 1915 cogitemus
585 1890 596 1909 ,
623 1876 724 1912 quem
747 1873 974 1909 corruperunt
992 1862 1059 1896 hoc
1075 1862 1125 1896 lo-

274 1929 318 1951 co
344 1914 555 1951 malesedulae
575 1914 611 1948 ὃς
627 1914 798 1961 ingratum
816 1910 975 1946 officiosa:
991 1923 1126 1955 manus,

275 1977 381 2013 quum
397 1963 464 2012 ipse
491 1975 559 1997 non
577 1961 691 1998 &mim
712 1959 896 2009 scripserit,
921 1959 975 1994 sed
992 1960 1104 2005 ἒχέσια
1116 1988 1123 1999 ,

275 2024 315 2049 ut
330 2014 377 2048 est
393 2014 429 2048 in
447 2013 527 2048 Ms.
569 2012 710 2058 Nempe
728 2022 797 2044 non
822 2009 911 2044 secus
926 2021 964 2043 ac
982 2010 1127 2044 Athenis

274 2072 368 2098 erant
394 2063 429 2096 in
451 2060 547 2095 sacris
573 2059 742 2099 nonnullis
759 2059 944 2104 Καλιηφόξοα,
970 2057 1014 2092 sic
1038 2058 1127 2107 apud

275 2110 521 2160 Hyperboreos
536 2109 572 2142 &
585 2110 730 2143 Poeonas
747 2107 782 2142 ὅ(
793 2108 944 2142 Thracas
959 2118 1054 2142 erant
1065 2117 1121 2142 Koa»

275 2158 463 2205 λαμηφέροιι.
507 2157 645 2192 Deinde
662 2158 739 2191 MS.
758 2162 780 2205 >g
800 2162 900 2191 ταῦτα
920 2156 956 2196 δή
973 2158 1040 2191 offam
1059 2156 1127 2191 fine

276 2208 398 2245 vocula
413 2209 478 2253 μὲν.

331 2269 412 2302 233,
434 2268 485 2290 10.
520 2261 558 2289 Οἱ
584 2254 603 2299 ³3
623 2255 767 2302 nausea]
804 2255 984 2299 Quantum
1000 2253 1127 2289 tumul-

274 2306 351 2343 tus?
377 2305 461 2340 adeo
479 2313 515 2338 ut
531 2303 597 2350 ipsa
616 2304 821 2337 Graecorum
839 2302 1036 2350 dispositio,
1059 2304 1126 2338 hoc

276 2356 325 2391 est
341 2381 352 2399 ,
378 2353 445 2402 ipsa
471 2365 564 2387 mens
582 2351 750 2387 Herodoti
768 2353 901 2400 penitus
921 2351 1127 2398 displicuerit

277 2404 408 2448 Vallae,
435 2402 470 2436 δί
489 2403 524 2436 in
543 2402 823 2448 interpretatione
838 2400 966 2434 idcirco
981 2401 1127 2435 noluerit

278 2452 432 2489 ordinem
453 2449 621 2485 Herodoti
646 2448 764 2497 sequi,
789 2459 948 2497 tanquam
976 2449 1046 2483 ista:
1071 2448 1126 2483 ad-

278 2501 450 2538 versativae
466 2499 641 2548 particulae
668 2505 691 2532 οἱ
706 2501 759 2543 μὲν
778 2523 788 2541 ,
815 2506 838 2532 οι·
857 2499 872 2543 '3‘
894 2510 964 2532 non
984 2497 1127 2532 debeant

278 2560 377 2587 tanto
398 2548 575 2584 intervallo
592 2547 739 2595 disjungi
756 2573 767 2591 ,
792 2557 829 2582 ut
846 2547 984 2594 quidem
1001 2546 1127 2591 disjun-

279 2601 332 2649 git
342 2597 556 2640 Herodotus,
583 2597 800 2644 interponens
815 2596 928 2630 locum
948 2595 1129 2643 sepulchri,

281 2648 375 2697 quod
394 2647 490 2682 Valla
507 2645 584 2680 inde
610 2654 809 2692 excerptum
837 2644 1023 2696 postponit.
1073 2646 1129 2679 An
1151 2645 1155 2656 “

282 2709 352 2733 non
375 2695 447 2731 satis
480 2694 626 2730 multum
660 2693 719 2727 iste
744 2694 864 2728 tribuit
888 2696 945 2727 luo
974 2692 1130 2740 judicio?

280 2743 508 2783 Monstrofius
524 2743 616 2791 quod
634 2742 821 2790 Stephanus
840 2741 876 2776 ἃ
892 2741 946 2776 alii
965 2742 998 2776 id
1019 2741 1129 2777 obser—

280 2806 359 2831 vare
374 2794 558 2840 potuerint.
610 2791 675 2827 Sed
692 2793 766 2826 haec
792 2791 926 2835 omnia,
952 2801 1129 2839 tantopere

281 2843 323 2878 ab
345 2841 436 2890 justo
463 2842 497 2875 ἃ
523 2841 648 2875 decoro
672 2839 883 2883 aberrantia,
915 2841 1055 2874 veniunt
1086 2853 1128 2875 ex

589 187 758 246 JAe.
825 179 1325 227 GRoNovu

1403 178 1678 224 NOTAE

1171 249 1268 284 Valla
1285 274 1297 293 ,
1322 248 1450 284 arbitrii
1467 249 1513 284 sui
1531 248 1716 283 indomitus
1737 245 1900 282 laudator.
1936 243 2018 278 Mo-

1170 310 1238 332 rem
1257 298 1363 344 ipsum
1390 299 1425 333 in
1448 297 1606 333 ornandis
1629 310 1689 345 per
1705 297 1812 331 crines
1837 293 2019 341 sepulchris

1170 347 1286 394 tetigit
1303 357 1438 394 paterna
1450 347 1607 382 Diatribe
1622 346 1662 381 acl
1672 347 1816 382 Statium
1834 356 1906 390 cap.
1917 355 1994 377 Lm.

1220 408 1234 427 2
1248 408 1257 440 3
1270 407 1299 442 3,
1315 408 1366 441 ¹7-
1392 396 1573 442 Λαοδίκης]
1612 397 1713 431 Mei-e
1731 395 1895 429 Graecum
1913 417 1936 445 ‚-
1951 404 2020 439 quo

1172 444 1265 478 valde
1293 444 1455 479 inclinant
1481 443 1696 479 correctores.
1748 444 1812 478 Sed
1839 446 1950 490 qua-io
1977 453 2019 475 an

1172 505 1239 527 non
1271 491 1377 540 ipsum
1411 502 1545 540 tempus
1569 503 1660 527 vetat
1677 492 1689 526 ?
1721 492 1813 541 quod
1837 490 2019 539 vestigium

1174 544 1307 576 (iraecae
1334 542 1460 590 linguae
1488 542 1602 589 potuit
1625 541 1720 577 fuiffe
1745 552 1827 576 tunc
1850 543 1939 588 apud
1960 539 2022 573 hos

1171 601 1341 625 extremos
1357 590 1521 638 populos,
1548 602 1652 638 quum
1670 591 1797 638 prima,
1826 589 1849 624 fi
1865 602 1928 637 qua
1941 587 2021 632 fuit,

1173 641 1246 674 vice
1270 642 1485 688 contingeret
1512 639 1571 674 ista
1602 641 1827 687 primitiarum
1854 638 2021 673 sacrarum

1172 689 1364 735 deportatio
1381 689 1392 722 ?
1426 690 1519 724 Hinc
1554 688 1633 723 licet
1663 688 1870 737 Hyperoche
1902 685 2024 721 habeat

1174 749 1309 784 quoque
1325 738 1439 772 omnia
1447 737 1591 782 Graeca,
1602 747 1716 772 tamen
1731 737 1922 772 existimans
1938 747 2022 770 con—

1177 785 1378 820 siderandam
1413 797 1487 821 eam
1521 787 1782 834 appellationem
1818 796 1856 820 ut
1891 785 2024 834 penitus

1176 834 1372 881 Scythicam
1385 835 1506 878 ,etiarn
1523 835 1629 870 libens
1645 836 1732 870 hanc
1750 835 1953 883 postremam
1963 846 2024 868 vo-

1175 884 1248 916 cavi
1259 907 1270 924 .,
1280 892 1318 916 ut
1334 881 1532 930 subjiciebat
1543 885 1693 931 optimus
1705 885 1782 919 Ms.
1796 885 1954 919 Λαοδέκζω
1967 908 1976 925 ,
1985 895 2026 917 0-

1177 932 1294 965 mnIno
1311 930 1354 965 fic
1371 931 1535 977 reliquiss‘e
1544 933 1764 968 Herodotum
1775 933 1923 968 credens.
1943 934 2026 967 Por·

1177 992 1213 1014 ro
1223 979 1302 1015 licet
1313 981 1414 1015 toties
1432 980 1496 1014 sint
1512 980 1683 1014 cumulata
1698 981 1903 1016 colle-&anea
1917 981 1959 1016 de
1975 981 2026 1015 his

1177 1030 1293 1076 puellis
1301 1055 1312 1073 ,
1323 1027 1506 1076 praesertim
1518 1028 1636 1077 Opide
1644 1030 1679 1063 &
1688 1029 1776 1064 socia
1784 1055 1795 1074 ,
1806 1030 2027 1065 nihilominus

1178 1078 1265 1112 idem
1276 1078 1336 1112 iste
1348 1078 1569 1125 Spanhemius
1581 1077 1641 1113 fibi
1656 1079 1797 1127 arripuit
1807 1079 1964 1126 privatim
1972 1079 2028 1126 jus

1162 1145 1165 1148 -
1179 1125 1244 1161 line
1257 1126 1324 1160 fine
1335 1126 1570 1161 accumulandi
1585 1127 1660 1162 loca
1676 1129 1895 1176 antiquorum
1910 1126 2029 1163 aufito-

1180 1187 1250 1209 rum
1269 1175 1310 1209 de
1327 1175 1409 1219 illis,
1436 1175 1471 1210 ἃ
1487 1176 1626 1223 quidem
1645 1177 1710 1221 ita,
1736 1183 1775 1212 ut
1791 1177 1929 1212 adderet
1957 1175 2029 1222 [In

1178 1223 1296 1271 quibus
1313 1233 1425 1258 autem
1449 1224 1627 1271 postremis
1645 1225 1815 1261 Herodoti
1831 1226 1914 1261 locis
1929 1253 1938 1266 ,
1963 1237 2028 1273 pro

1180 1273 1274 1319 Α”ςγιν
1291 1273 1344 1307 vel
1362 1274 1474 1320 Α”ςγῖω
1485 1298 1496 1315 ,
1507 1276 1649 1308 omnino
1661 1276 1827 1321 E‘noie‘gylw
1845 1273 2029 1324 legendum

1178 1331 1271 1368 patet
1286 1347 1297 1366 ,
1324 1332 1427 1368 prout
1444 1322 1501 1356 hie
1517 1322 1607 1369 apud
1627 1322 1878 1358 Callimachum
1895 1323 1932 1357 &
1947 1322 2030 1357 alios

1179 1369 1289 1404 adhuc
1305 1369 1474 1417 auersi-es]
1501 1371 1534 1405 ὃ(
1546 1371 1626 1406 hinc
1643 1373 1677 1406 in
1687 1372 1805 1407 Indice
1820 1371 1921 1406 habes
1939 1370 2029 1418 [Ise-

1177 1418 1298 1452 rodomi·
1323 1420 1435 1453 emend.
1455 1430 1528 1465 pag.
1552 1420 1643 1466 503]
1699 1421 1745 1456 Et
1772 1422 1847 1456 haec
1873 1420 2030 1455 sustinuit

1178 1466 1313 1500 mittere
1336 1467 1377 1500 ad
1404 1466 1459 1500 Cl.
1476 1468 1655 1502 (J'raevium
1674 1494 1686 1512 ,
1709 1479 1748 1504 ut
1766 1468 1946 1515 Ultraiefti
1965 1481 2030 1517 pu-

1178 1513 1392 1550 blicarentur.
1445 1514 1576 1548 Nonne
1593 1528 1716 1562 magna
1738 1517 1850 1551 saeculi
1864 1512 2030 1553 infamia?

1179 1562 1322 1610 Qippc
1347 1561 1536 1598 universum
1562 1562 1630 1597 hoc
1655 1566 1720 1609 jam
1744 1564 1785 1598 ab
1808 1566 2030 1602 eruditiffimo

1178 1612 1361 1660 Leopardo
1385 1612 1419 1647 in
1450 1610 1536 1646 libro
1562 1607 1852 1648 Emendationum
1886 1625 1928 1648 10
1956 1626 2031 1664 cap.

1180 1672 1223 1707 24
1239 1662 1430 1710 cogitatum
1449 1660 1484 1694 &
1503 1660 1716 1709 publicatum
1735 1662 1800 1698 fuit
1819 1676 1826 1697 :
1852 1663 1961 1698 immo
1978 1665 2030 1700 in-

1177 1709 1273 1757 super
1290 1711 1404 1745 medio
1420 1720 1576 1758 tempore
1593 1710 1787 1747 honorifice
1811 1712 1969 1748 iteratum
1987 1713 2031 1750 ab

1180 1771 1305 1808 magno
1316 1758 1434 1795 Voiiio
1452 1760 1487 1793 in
1504 1759 1592 1795 libro
1616 1772 1649 1795 11
1672 1761 1713 1795 de
1731 1760 1936 1797 Idololatriae
1946 1763 2030 1800 Ori-

1176 1809 1256 1855 gine
1275 1820 1348 1856 cap.
1368 1819 1425 1853 29,
1451 1817 1489 1843 ut
1513 1809 1612 1856 plane
1628 1822 1697 1844 non
1713 1809 1816 1846 fuerit
1834 1823 1872 1846 ea
1889 1823 1939 1847 res
1955 1812 2030 1849 abs-

1177 1857 1273 1891 trusa.
1324 1858 1438 1892 Immo
1462 1857 1497 1892 &
1514 1857 1737 1906 Sylburgiana
1762 1860 1849 1895 hanc
1872 1861 2029 1909 ingerant

1177 1907 1256 1941 huic
1272 1907 1359 1941 loco.
1388 1906 1479 1942 Nam
1497 1907 1687 1955 Stephanus
1697 1921 1767 1957 quo
1781 1908 1870 1944 sensu
1880 1909 2030 1957 posuerit

1176 1968 1247 1990 eam
1274 1957 1535 2003 appellationem
1562 1957 1597 1991 in
1624 1959 1776 2007 margine
1793 1984 1803 2002 ‚
1829 1958 1864 1992 δί
1890 1972 2027 2007 praepo-

1177 2004 1276 2039 suerit
1301 2021 1345 2049 >e-
1371 2018 1433 2040 nec
1459 2005 1616 2053 intelligo
1640 2019 1703 2042 nec
1725 2008 1923 2055 explicuero
1943 2009 2026 2044 aliis.

1181 2055 1260 2088 Hoc
1276 2054 1355 2088 sciat
1373 2053 1499 2099 lector,
1526 2055 1560 2088 in
1579 2055 1656 2089 MS.
1677 2056 1856 2100 Medicco,
1872 2056 1941 2091 hoc
1955 2056 2024 2102 est,

1178 2103 1313 2150 optimo
1328 2128 1340 2146 ‚
1366 2113 1489 2150 praetei·
1513 2102 1599 2138 istud
1618 2105 1769 2144 Λαοδίκης
1783 2130 1795 2149 ,
1821 2103 1945 2140 nullam
1964 2118 2025 2141 ex·
2054 2126 2068 2135 ν

1180 2151 1261 2186 stare
1280 2152 1475 2186 varietatem
1500 2152 1536 2186 in
1560 2153 1753 2188 nominibus
1770 2179 1782 2198 ,
1807 2153 1842 2188 &
1858 2164 1925 2201 ego
1949 2155 2025 2202 qui-

1178 2199 1255 2235 dem
1275 2199 1492 2235 Herodotum
1514 2199 1632 2235 censeo
1649 2202 1712 2236 effi:
1730 2214 1844 2249 parem
1863 2202 2024 2239 Callima-

1178 2250 1247 2284 cho
1261 2274 1273 2293 ,
1299 2249 1465 2284 Pausaniae
1482 2275 1493 2293 ‚
1519 2249 1638 2284 Servio
1655 2249 1691 2284 &
1707 2251 1901 2299 quicunque
1922 2252 1977 2288 alii
1992 2251 2025 2288 se

1178 2298 1218 2332 ad
1243 2299 1331 2333 illam
1358 2298 1558 2346 phalangem
1583 2298 1798 2345 adjunxerint
1813 2327 1824 2345 ,
1849 2301 2024 2336 undecun-

1179 2359 1243 2395 que
1257 2347 1347 2382 illam
1367 2351 1533 2393 Εκαέργῖω
1551 2348 1742 2396 petiverint.
1779 2349 1932 2398 Suspicio
1948 2350 2025 2386 nul-

1179 2397 1209 2430 la
1224 2396 1335 2444 potest
1351 2395 1415 2430 ess'e
1438 2406 1578 2432 mutatae
1594 2397 1626 2431 in
1646 2397 1829 2434 Herodoto
1847 2400 1947 2446 hujus
1963 2399 2024 2435 ali-

1179 2445 1314 2493 quando
1329 2445 1560 2493 appellationis
1575 2471 1586 2490 ,
1613 2446 1722 2481 multo
1740 2448 1849 2483 minus
1864 2443 2028 2485 eizcidiss‘e

1180 2494 1289 2529 literas
1308 2503 1386 2539 Ena,
1397 2506 1500 2540 quum
1521 2495 1683 2530 habeatur
1699 2495 1753 2531 Thu*
1770 2497 1865 2544 Α”ργιν
1882 2497 1919 2532 &
1936 2495 2022 2542 dul&

1183 2545 1277 2589 Α”ργιν
1294 2542 1329 2576 ἃ
1347 2549 1369 2592 »ὲ
1391 2543 1483 2589 Α”ξγιν
1511 2544 1547 2578 &
1575 2561 1597 2593 ‘3
1619 2547 1746 2592 A'gyt&
1764 2547 1853 2582 nUlla
1868 2545 2022 2582 fimssiffl‘

1180 2592 1258 2627 dine
1274 2592 1497 2627 inumbrante.

1235 2652 1376 2690 233,43.
1404 2642 1468 2674 Tlu)
1479 2641 1582 2676 Α’σίῖω
1599 2646 1635 2688 τῇ
1652 2643 1775 2691 [ν’ξιιῖπῃ
1793 2650 1902 2680 ποιεῖτε
1916 2643 2019 2691 i‘clw]

1186 2691 1262 2725 MS.
1281 2691 1436 2725 rroaAEv'lwv.
1464 2690 1503 2725 Id
1520 2689 1593 2725 satis
1607 2702 1744 2738 apparet
1759 2693 1905 2737 dietum,
1929 2701 1968 2727 ut
1987 2704 2019 2737 1,

1182 2738 1240 2783 89,
1256 2741 1280 2773 οἳ
1295 2738 1427 2784 λεγᾶνἹων
1452 2739 1531 2782 πός
1554 2739 1603 2775 Teis
1630 2741 1806 2788 ὁκφὲρονῖςῖς
1828 2744 1881 2788 qui
1893 2741 2018 2786 (licant,

1181 2797 1283 2836 prout
1301 2788 1415 2823 similia
1430 2788 1571 2836 collegit
1591 2787 1684 2824 AEm.
1700 2791 1820 2826 Portus
1834 2791 1869 2824 in
1884 2801 1916 2824 v.
1933 2790 2020 2826 ὄντων

1181 2837 1238 2872 ubi
1254 2849 1296 2872 ex
1315 2836 1494 2872 Herodoto
1510 2838 1608 2872 novit
1622 2840 1752 2884 ἑχόγῖων,
1768 2840 1940 2879 ‚amaea-v,
1956 2855 2019 2875 ποι-

281 2903 374 2929 mera
387 2889 580 2936 corruptela
598 2890 720 2923 horum
737 2888 936 2929 verborum,
964 2901 1040 2936 qua:
1053 2890 1129 2924 MS.
1181 2887 1297 2936 mmm.
1308 2899 1344 2941 7,
1356 2888 1590 2931 235.<1>0C227vlaev
1606 2888 1655 2924 nic
1666 2890 1911 2932 Λακεῶοαμονίες.
1928 2888 2020 2925 Item

282 2939 462 2976 Mediceus
479 2937 619 2972 exhibet
637 2938 696 2971 ὅσοι
715 2938 732 2983 ‘5
749 2942 865 2974 mma.
907 2937 957 2971 Ita
974 2937 1129 2984 prosec‘to

282 2990 364 3026 licet
380 2987 521 3036 spatium
536 2985 677 3033 amplius
696 2987 957 3034 interponi,nec
973 2997 1095 3030 nocet,
1106 2986 1129 3021 fi

280 3039 383 3073 etiam
399 3034 580 3082 descriptio
597 3034 727 3077 loci,in
743 3046 810 3080 quo
828 3034 1041 3083 sepulchrum
1060 3035 1127 3078 est,

280 3085 390 3120 statim
406 3084 559 3132 sequatur
576 3082 683 3117 crines
700 3083 869 3128 puellares.
906 3084 1024 3130 Itaque
1043 3083 1078 3118 ἃ
1093 3084 1127 3117 in

279 3134 410 3170 Latinis
426 3133 513 3177 feci,
538 3140 578 3168 ut
595 3131 790 3166 Herodotus
811 3131 1031 3178 spectaretur,
1055 3144 1125 3167 non

1183 2935 1298 2971 buidas
1320 2947 1354 2969 m
1378 2935 1532 2980 Φςειένῗων.
1584 2937 1703 2984 Itaque
1719 2937 1803 2971 verti
1822 2936 2019 2987 &intelligi

1181 2984 1282 3020 debet:
1307 2984 1526 3019 Herouctus:
1561 2987 1634 3035 ρῳ·
1649 2985 1690 3022 [9³
1715 2984 1871 3020 Oceanum
1888 2988 2019 3032 pingi-snt

1179 3033 1401 3077 circumfluere,
1424 3033 1463 3071 &²
1489 3042 1605 3068 tem-am
1628 3034 1683 3078 effi
1707 3035 1907 3069 orbiculatam
1932 3038 2019 3071 velut

1177 3083 1217 3116 ab
1232 3089 1316 3115 torno
1333 3106 1344 3124 ,
1370 3084 1478 3129 Afimz
1495 3094 1605 3128 quoque
1619 3082 1750 3127 Europe
1766 3083 1893 3129 faciant
1914 3094 2017 3131 aequa-

1178 3133 1245 3165 lem.
1272 3129 1366 3165 Nam
1384 3142 1421 3166 ut
1439 3131 1506 3166 hoc
1524 3142 1614 3166 nunc
1628 3130 1724 3166 simul
1742 3131 1863 3178 fittear,
1874 3131 2017 3170 verbum

1996 3182 2003 3193 Ι

1946 3196 2020 3228 κού·
