2112 3621
304 239 383 279 812

309 305 401 339 mnia
426 300 521 349 signa
542 299 680 334 lonismi
705 311 747 334 ex
772 298 852 333 loco
877 299 945 333 hoc
972 297 1122 339 deleret3

307 351 399 400 quod
410 363 478 397 quo
498 351 569 395 jure
585 359 641 383 aut
658 349 764 382 modo
783 348 904 382 fecerit
917 347 1119 395 Stephanus,

308 393 519 447 nequaquam
537 397 699 445 adsequor
718 414 728 439 3
757 397 818 432 nisi
835 396 928 443 quod
947 395 1116 444 unusquis-

308 461 375 496 que
399 449 435 482 in
452 447 638 482 Herodoto
664 447 813 481 voluerit
833 446 1010 481 stultitiam
1030 445 1118 480 suam

311 509 491 541 exercere,
506 506 544 531 ut
560 508 602 530 ex
620 505 674 531 tot
690 495 854 543 exemplis
871 505 975 542 patet.
1002 495 1067 531 Sed
1086 495 1120 529 &

311 545 498 595 Dionysius
516 545 691 580 Halicarn.
714 557 745 588 1,
760 556 802 590 17
819 543 997 579 occasione
1015 543 1119 579 Pelas-

310 607 436 644 gorum
455 596 501 630 ita
517 603 628 629 vocat.
656 594 789 641 Utique
807 591 1119 641 leffionem‚quam

311 643 465 692 reposui,
493 656 553 691 per
568 655 691 678 vocem
706 644 807 677 (ἴω-αν
826 641 948 690 probat
958 642 1119 677 Herodo-

311 702 367 728 tus
383 705 420 740 7,
434 705 512 739 127,
530 691 588 726 ubi
606 692 766 740 quoniam
787 703 878 725 nunc
897 691 1002 726 edunt
1011 692 1120 735 ὀλυμ-

313 749 404 785 πΘ,
416 741 521 776 modo
539 740 699 787 οῧλυμπον
711 766 721 783 ,
733 739 843 775 debeo
859 739 1007 775 indicare
1023 752 1120 788 pror-

311 787 362 826 sus
378 792 412 825 in
429 791 563 839 optimo
578 790 706 825 exstare
724 802 786 837 pro
804 788 991 837 posteriore
1008 790 1119 834 ὄλυμ-

314 855 389 883 πον,
415 839 507 888 quod
522 839 743 874 obliviscebar
757 850 896 873 monere
906 854 917 880 3
944 837 1030 873 ficut
1048 850 1082 881 z,
1098 848 1121 881 7

315 889 393 928 Νηδν
411 889 431 928 Ξ
449 889 514 926 Διῖς·
530 887 551 927 Ξ
570 892 720 935 Ολυμπίκ
731 915 738 927 ,
757 897 796 922 ut
810 888 845 921 in
860 887 940 923 loco
956 887 1062 922 citato
1079 897 1121 920 CX

314 938 404 973 libro
419 950 442 984 7
458 937 628 973 omiserim
648 947 821 972 annotare.

365 999 423 1032 21,
437 1000 471 1028 9.
501 993 532 1020 Εἰ
551 986 569 1031 ἃ
587 986 686 1032 χρεών
705 991 746 1023 ὲςι
765 984 858 1031 &c.]
895 984 1011 1019 Locus
1027 983 1124 1018 omni

315 1036 557 1084 typographia:
575 1044 732 1081 tempore
748 1059 759 1078 ,
785 1032 877 1080 quod
895 1045 955 1067 nos
977 1031 1098 1067 scimus
1110 1057 1121 1076 ,

317 1084 451 1120 habitus
474 1084 510 1118 Sc
537 1082 725 1117 intelle&us
749 1081 913 1130 peffime3
942 1082 997 1116 cui
1013 1081 1120 1116 mole-

316 1132 388 1168 stiae
406 1133 551 1181 primam
576 1133 701 1179 opinor
719 1130 934 1166 occasionem
951 1140 1064 1165 natam
1079 1129 1121 1164 ab

315 1181 468 1217 versione
489 1182 592 1217 Laur.
612 1180 722 1216 Vallae
736 1205 748 1225 ,
775 1192 852 1227 quae
869 1191 979 1226 neque
1005 1178 1120 1214 cohae-

315 1240 368 1266 ret
383 1256 395 1274 ,
428 1242 538 1278 neque
563 1229 647 1264 illud
673 1228 850 1263 concludit
867 1252 878 1272 ‚
912 1227 1004 1275 quod
1029 1226 1122 1262 ausus

317 1279 384 1314 fuit
399 1278 575 1327 ipseValla
589 1278 734 1323 adjicere
750 1278 784 1312 in
795 1276 966 1325 principio
981 1276 1120 1311 candem

316 1328 469 1377 linguam
487 1328 551 1362 effe
563 1353 575 1371 ,
602 1339 666 1374 qua
685 1337 841 1374 tempore
860 1325 1033 1360 Herodoti
1048 1335 1122 1360 ute-

317 1387 435 1412 rentur
454 1376 581 1424 Pelasgi
596 1375 844 1410 Crestonenses.
874 1374 939 1408 Sed
956 1387 1065 1422 neque
1081 1386 1123 1408 ex

319 1426 453 1460 Graecis
476 1426 542 1459 hoc
569 1424 696 1459 confici
715 1424 788 1458 vult
811 1422 1011 1457 Herodotus
1028 1448 1039 1466 ,
1066 1423 1123 1469 qui

319 1484 451 1510 tantum
471 1473 629 1521 indagat,
655 1481 769 1506 utrum
788 1470 926 1505 barbara
942 1470 1044 1505 fuerit
1061 1471 1124 1504 lin-

317 1535 385 1571 gua
404 1534 466 1556 nec
482 1533 534 1555 ne.
561 1522 734 1568 Magnum
751 1521 858 1567 igitur
876 1519 1002 1566 aliquid
1018 1530 1056 1564 ac
1075 1527 1124 1553 te-

318 1571 499 1606 merarium
526 1569 718 1604 audendum
745 1569 810 1603 eise
826 1567 995 1616 judicavit
1014 1568 1123 1602 Henr.

317 1620 509 1667 Stephanus
528 1644 540 1663 ‚
575 1618 736 1653 nonnulla
767 1616 906 1665 quidem
931 1617 1062 1665 poliens
1087 1629 1126 1652 ac

318 1669 497 1716 mitigans,
523 1667 576 1702 sed
593 1667 678 1702 mire
694 1667 914 1715 transponens
928 1692 940 1710 ,
964 1666 1057 1714 quod
1076 1675 1126 1701 ta-

320 1730 399 1753 men
416 1717 476 1752 fibi
492 1717 624 1766 placere
639 1716 804 1751 testantur
825 1715 972 1750 editores
988 1714 1125 1763 sequen-

318 1776 388 1810 tes3
414 1767 485 1801 imo
501 1767 678 1813 satagunt,
695 1775 733 1800 ut
750 1764 783 1799 id
802 1777 881 1799 cum
899 1764 996 1798 laude
1014 1764 1125 1798 osten-

318 1825 393 1852 tent
416 1828 455 1851 ac
482 1816 695 1864 proclament
720 1815 755 1849 in
782 1814 911 1848 Graeco
938 1813 1123 1861 exemplari

320 1865 413 1900 hunc
437 1865 553 1900 locum
569 1863 664 1898 valde
690 1863 786 1898 fuiss‘e
801 1861 1050 1910 perturbatum.
1083 1861 1124 1897 Id

318 1913 461 1949 verbum
475 1914 520 1949 fic
537 1913 709 1962 prolatum
725 1912 771 1946 est
789 1911 830 1946 ab
840 1911 1124 1958 Stephan0,Jun-

318 1974 523 2011 germannus
548 1961 751 2010 propagavit
767 1986 779 2005 ,
812 1960 941 2007 Lipsiae
965 1961 1126 2008 repetivit

320 2013 529 2056 Fridericus,
555 2013 591 2046 in
600 2010 726 2059 Anglia
735 2010 891 2044 Thomas
908 2009 997 2045 Gale
1005 2025 1016 2052 3
1037 2010 1123 2044 Phil.

320 2061 501 2096 Cluverius
521 2071 634 2095 autem
660 2062 696 2094 in
720 2059 796 2094 Ital.
813 2059 933 2106 Antiq.
957 2071 1036 2107 pag.
1055 2070 1123 2105 574

321 2122 392 2144 non
410 2109 544 2145 dubitat
559 2110 650 2143 hune
666 2109 782 2144 locum
805 2120 848 2143 ex
865 2107 1029 2143 sententia
1047 2108 1123 2142 Ste⁶

318 2158 424 2206 phani
446 2157 684 2204 transpositum
709 2159 814 2193 citare
829 2183 840 2202 ,
867 2157 903 2191 &
921 2156 1044 2192 omiffis
1060 2157 1124 2192 illis

319 2206 431 2242 verbis
448 2206 501 2242 Kanax
518 2204 575 2240 'Aeso
591 2207 665 2240 abhoc
678 2215 752 2241 Πελ.
771 2223 796 2241 ε.
814 2223 848 2241 π.
863 2223 891 2241 τ.
908 2208 1122 2252 amaeam,

320 2256 404 2291 item
420 2255 479 2290 illo
497 2264 669 2289 commate
685 2255 777 2301 quod
794 2256 915 2303 incipit
931 2256 972 2291 ab
991 2262 1020 2290 El
1032 2260 1122 2290 τοίνυν

322 2304 363 2339 lu?
375 2303 395 2341 ἐ
408 2309 467 2339 πᾶν
480 2302 548 2338 &a
572 2316 641 2338 non
657 2303 755 2338 aliter
769 2316 808 2338 ac
825 2303 848 2338 11
864 2317 906 2338 ex
918 2304 1008 2339 libris
1021 2305 1124 2340 MSS.

322 2353 368 2389 fic
392 2353 536 2388 exstaret
560 2353 595 2387 in
617 2351 822 2387 editionibus
839 2375 851 2395 ‚
875 2353 985 2400 palam
1010 2354 1123 2389 vitiosi

320 2415 438 2438 omnes
447 2428 458 2446 ,
468 2402 502 2436 ἅ*
512 2400 699 2436 vitiosiores
707 2413 807 2449 quam
816 2401 917 2436 Valla
932 2403 967 2437 in
981 2414 1023 2438 eo
1032 2404 1123 2449 quod

319 2464 425 2499 quum
453 2454 537 2486 οἴκεον
565 2450 738 2485 vertissent
764 2462 824 2498 per
845 2451 1005 2495 incolere,
1040 2463 1122 2488 mox

320 2501 482 2540 οἰκησάνἻων
501 2499 695 2547 intelligant
712 2498 919 2532 condiderunt
929 2502 1040 2548 ‚quod
1054 2514 1122 2537 non

321 2549 367 2584 fic
383 2549 513 2584 dire&o
527 2547 722 2583 adfirmavit
738 2547 955 2594 Herodotus,
981 2550 1016 2584 δε
1030 2551 1123 2587 vide-

320 2600 348 2633 ri
366 2600 467 2634 etiam
485 2597 595 2646 potest
611 2598 647 2631 in
665 2597 801 2632 Lexico
814 2597 918 2632 Porti.
945 2596 1124 2637 Cluverius

321 2658 485 2695 praeterea
508 2645 737 2681 intolerandus
752 2672 764 2690 ,
789 2645 871 2681 dum
896 2647 979 2682 citat
1005 2660 1125 2685 contra

322 2709 441 2731 omnes
454 2695 589 2730 codices
605 2696 656 2731 Koa*
672 2704 744 2729 τοῖσι
760 2695 821 2729 vlu)
838 2699 982 2734 Πλακίην.
1012 2698 1124 2734 Immo

323 2744 502 2780 &foedior
526 2744 573 2778 est
597 2743 817 2779 hallucinatio
838 2743 1003 2781 Friderici
1021 2773 1033 2791 ,
1066 2750 1124 2796 qui

322 2807 428 2840 quum
446 2806 489 2828 ex
501 2793 675 2840 Stephano
693 2792 879 2840 adoptasset
890 2795 1038 2837 Scylacen
1057 2809 1125 2830 con-

323 2843 475 2876 diderunt
493 2869 501 2880 ‚
526 2841 675 2877 adnectit
691 2854 770 2876 cum
796 2843 987 2889 parenthesi
1015 2844 1122 2890 (habi-

323 2901 426 2924 tantes
450 2891 493 2923 ad
513 2891 763 2936 Hellespontum)
812 2890 880 2924 uod
904 2889 1066 2928 deseritur
1084 2893 1124 2929 ab

323 2940 499 2990 Stephano
529 2940 663 2985 penitus
680 2964 691 2983 ,
723 2939 765 2974 ab
825 2938 954 2972 luverio
979 2941 1125 2977 refertur

322 2995 480 3038 Scylacem
493 2987 700 3020 condiderunt
717 2987 802 3031 apud
813 2986 1055 3031 Hellespontum.
1082 2991 1123 3025 In

322 3036 403 3078 Aldi
429 3032 464 3072 ’ὃς
487 3035 673 3070 Camerarii
697 3032 903 3068 editionibus
927 3035 1044 3072 absunt
1068 3039 1122 3073 illa

320 3092 430 3141 prima
454 3088 476 3121 ω’
494 3085 512 3131 {5
526 3110 536 3129 ,
562 3095 625 3119 nec
651 3082 819 3118 indicatur
836 3107 848 3126 ,
880 3083 970 3119 unde
994 3085 1121 3122 fuerint

588 232 758 289 JAc.
826 226 1332 273 GRoNov11
1405 225 1683 271 NOTAE

1174 295 1286 331 addita
1304 296 1338 329 in
1353 294 1560 330 editionibus
1577 296 1740 344 Stephani
1756 321 1768 341 ‚
1794 294 1846 332 sed
1863 297 1980 346 negle-

1176 344 1228 379 Cta
1246 346 1279 378 in
1296 343 1448 379 versione
1473 346 1554 392 ejus
1607 345 1675 380 Sed
1697 345 1824 380 debent
1848 347 1924 382 addi
1945 347 1982 381 Sc

1175 394 1247 428 sunt
1264 394 1297 427 in
1316 393 1417 427 MSS.
1434 394 1702 442 Argumentatio
1717 395 1853 429 interim
1866 396 1980 430 Hero-

1178 443 1279 477 dotca
1295 442 1360 476 rite
1375 444 1552 489 procedit,
1579 443 1665 478 sicut
1682 445 1717 478 in
1734 443 1868 479 Graecis
1884 444 1981 479 eodi-

1177 491 1271 526 cibus
1296 491 1465 539 digeritur
1479 514 1491 535 ,
1515 503 1577 526 nec
1604 504 1677 527 eam
1696 491 1815 528 au&or
1829 493 1904 528 vult
1918 493 1986 533 alia.

1176 553 1211 574 re
1229 541 1313 584 niti,
1340 552 1440 587 quam
1459 540 1656 588 conjecfftura
1670 541 1803 590 sumpta
1819 554 1861 577 ex
1879 543 1981 578 cei-tis

1177 589 1212 624 &
1227 599 1310 624 tunc
1336 588 1424 623 haud
1441 588 1543 623 dubie
1569 590 1692 637 agnitis
1716 603 1779 638 pro
1805 603 1887 625 vero
1903 592 1981 629 reli-

1178 639 1262 686 quiis
1273 637 1487 686 Pelasgorum
1497 663 1508 682 ,
1526 639 1674 673 maxime
1688 638 1797 683 binis,
1812 649 1887 676 turn
1903 654 1981 688 quae

1177 687 1274 734 super
1289 685 1489 735 Tyrrhenos
1506 697 1599 722 erant
1616 688 1650 722 in
1670 687 1786 731 Italia,
1810 698 1885 723 tum
1903 702 1982 737 quae
2023 723 2025 725 .

1178 736 1212 770 in
1231 735 1455 784 Hellesponto
1482 737 1573 771 circa
1590 737 1735 772 Placiam
1751 736 1788 772 &
1805 737 1980 786 Scylacen.

1179 784 1245 818 Sed
1264 783 1308 819 fic
1334 785 1428 819 addit
1451 785 1527 820 haee
1544 785 1622 820 bina
1647 785 1888 822 consideranda
1905 813 1917 832 ,
1942 799 1982 824 ut

1179 832 1370 868 constiterit
1391 834 1486 880 plura
1502 834 1595 869 fuisse
1610 834 1828 884 Pelasgorum
1845 848 1982 885 quoque

1179 880 1305 929 oppida
1319 907 1330 925 ,
1356 894 1432 929 quae
1448 883 1583 918 interim
1602 885 1810 920 mutaverint
1830 897 1981 928 nomen3

1178 929 1271 977 quod
1285 930 1366 965 licet
1383 933 1590 980 contigerit,
1607 942 1722 968 tamen
1737 933 1846 968 sermo
1861 947 1981 970 eorum

1178 979 1253 1013 illos
1278 977 1352 1014 satis
1369 979 1485 1027 prodit
1510 982 1612 1015 etiam
1636 982 1678 1017 ab
1698 981 1840 1030 Pelasgis
1855 983 1984 1032 aliquid

1178 1028 1248 1063 illic
1264 1040 1409 1064 manere.
1444 1029 1563 1076 Itaque
1579 1041 1617 1064 ea
1641 1042 1712 1065 non
1734 1030 1925 1068 debuerunt
1940 1033 1983 1068 ab

1179 1077 1355 1125 Stephano
1380 1077 1581 1125 transponi,
1606 1090 1713 1126 quum
1737 1079 1848 1127 palam
1866 1080 1982 1116 falsum

1179 1125 1220 1161 fit
1244 1126 1319 1163 alias
1342 1127 1497 1162 civitates
1516 1126 1701 1176 Pelasgicas
1716 1153 1727 1171 ‚
1753 1140 1831 1176 quae
1856 1141 1984 1166 nomen

1180 1185 1355 1222 mutarunt
1369 1201 1381 1220 ,
1406 1185 1550 1211 mutatas
1574 1176 1670 1212 fuiss'e
1684 1178 1720 1212 in
1739 1177 1899 1214 Hellenas
1924 1190 1984 1216 aut

1177 1224 1266 1259 suam
1284 1224 1436 1273 linguam
1454 1223 1668 1270 dedidicisse,
1679 1226 1772 1274 quod
1789 1239 1860 1263 non
1876 1229 1986 1277 magis

1180 1273 1329 1321 contigit
1348 1274 1435 1318 aliis,
1451 1286 1551 1320 quam
1569 1274 1645 1323 ipsis
1655 1276 1811 1311 Athenis.
1838 1276 1982 1314 Interim

1181 1323 1268 1357 &in
1293 1322 1356 1356 illis
1374 1322 1522 1370 utrisque
1548 1323 1584 1357 ὃς
1609 1324 1644 1358 in
1660 1324 1731 1359 aliis
1755 1325 1823 1359 istis
1847 1336 1981 1362 mutato

1181 1371 1319 1405 nomine
1344 1371 1408 1406 fuit
1433 1372 1659 1407 animadversa
1689 1373 1866 1420 peculiaris
1888 1387 1982 1422 quae—

1181 1419 1257 1454 dam
1277 1420 1429 1467 loquela,
1456 1433 1518 1455 nec
1534 1422 1631 1469 plane
1641 1422 1783 1457 Gra-ca:
1809 1423 1900 1458 unde
1909 1424 1982 1458 col-

1181 1467 1259 1515 ligit
1273 1468 1368 1502 fiiiffe
1385 1471 1596 1517 peregrinam
1607 1496 1619 1514 ‚
1645 1471 1701 1515 Sc,
1726 1480 1765 1506 ut
1781 1471 1849 1520 ipse
1866 1483 1981 1519 vocat,

1179 1514 1353 1566 barbaram
1363 1516 1398 1549 ἃ
1409 1519 1621 1564 peregrinam
1633 1520 1777 1554 Graecis.
1792 1521 1981 1556 Athenien-

1181 1566 1226 1598 ses
1243 1576 1344 1606 vero,
1361 1565 1441 1598 licet
1454 1565 1615 1614 Pelasgici
1632 1568 1765 1614 generis
1778 1568 1900 1614 essent,
1918 1570 1981 1606 sic-

1182 1624 1220 1647 ut
1237 1613 1319 1647 olim
1339 1612 1437 1648 simul
1450 1615 1630 1658 vixerunt,
1647 1614 1822 1651 deseruisse
1839 1618 1886 1652 ait
1903 1630 1981 1654 ean-

1180 1661 1259 1696 dem
1275 1664 1443 1711 majorum
1469 1663 1605 1698 suorum
1620 1664 1774 1713 linguam
1792 1667 1983 1703 mutatione

1181 1724 1257 1759 quae
1273 1712 1423 1760 contigit
1438 1724 1499 1760 per
1513 1712 1686 1748 discessum
1700 1712 1913 1763 Pelasgorum
1924 1741 1936 1761 ‚
1946 1716 1984 1752 δε

1181 1773 1263 1796 mox
1285 1762 1409 1797 vicinia
1433 1761 1619 1797 Hellenum
1642 1775 1699 1797 eos
1725 1763 1889 1799 illiciente
1905 1790 1917 1809 ,
1943 1775 1984 1801 ut

1179 1810 1214 1845 111
1231 1811 1355 1845 horum
1370 1809 1523 1846 sermone
1539 1811 1834 1860 deprehenderent
1855 1813 1983 1862 aliquid

1178 1859 1348 1894 venustius
1363 1869 1401 1894 ac
1418 1857 1571 1895 blandius
1592 1872 1631 1896 ac
1648 1861 1837 1896 humanius.
1864 1867 1984 1910 Κςηςῶ-

1179 1923 1216 1942 ναι
1232 1921 1314 1943 vero
1333 1908 1369 1944 δι’
1387 1914 1578 1956 Κςηςωνιῆτοα
1599 1909 1828 1946 defenduntur
1842 1911 1884 1947 ab
1900 1912 1982 1949 MS.

1179 1959 1313 2005 optimo
1330 1983 1342 2002 ‚
1368 1958 1429 1993 etfi
1452 1958 1638 2008 Dionysius
1659 1959 1772 1994 Halic.
1793 1959 1914 1996 abierit
1939 1962 1981 1996 ab

1179 2007 1242 2041 hac
1266 2007 1492 2054 appellatione
1513 2006 1652 2056 antiqua
1677 2009 1877 2054 Herodoti,
1910 2021 1981 2044 non

1178 2056 1256 2091 ideo
1272 2057 1332 2092 ista
1348 2058 1446 2092 venia
1468 2067 1526 2092 aut
1543 2057 1718 2106 Stephano
1740 2067 1798 2092 aut
1815 2057 1979 2093 Cluverio

1179 2105 1331 2141 mutandi
1347 2106 1382 2140 in
1401 2107 1581 2141 Crotonen
1596 2115 1654 2140 aut
1668 2106 1869 2140 Cortonam.
1903 2106 1977 2142 Ad-

1177 2153 1220 2189 de
1242 2154 1387 2190 Hellena
1403 2154 1597 2190 Doetiffimi
1614 2154 1674 2189 Er.
1688 2154 1870 2203 Vindingii
1887 2156 1978 2191 circa

1178 2204 1395 2251 principium.

1227 2264 1284 2296 21,
1294 2264 1348 2294 29.
1375 2257 1418 2300 Τῇ
1427 2250 1641 2299 αὐτῇχξὲεῇ]
1668 2251 1748 2287 MS.
1759 2257 1795 2299 τῇ
1810 2255 1888 2300 αὖτῇ
1896 2259 1977 2300 2491-

1177 2304 1285 2347 χρριῇ.
1336 2301 1444 2345 Qod
1460 2301 1596 2348 quidem
1614 2301 1687 2336 satis
1704 2301 1874 2345 notabile,
1898 2303 1977 2350 quia

1178 2352 1274 2386 AEm.
1289 2351 1413 2386 Portus
1436 2349 1590 2398 agnoscit
1617 2362 1660 2384 ex
1684 2349 1871 2386 Herodoto
1896 2359 1977 2399 Ἀμαρ-

1177 2404 1314 2445 χξρἔοθια
1332 2425 1344 2444 ,
1371 2401 1546 2446 Ἆῖριχρῖιῦοα
1568 2399 1602 2434 &
1625 2404 1835 2446 Qpcgiifioffi
1857 2398 1912 2436 sed
1937 2411 1976 2437 ut

1177 2449 1212 2483 in
1228 2447 1322 2484 verbi
1339 2450 1439 2497 primi
1466 2447 1715 2497 significatione
1732 2448 1922 2484 violentum
1940 2462 1976 2485 a-

1176 2497 1283 2545 liquid
1298 2498 1338 2533 ad
1353 2509 1471 2532 necem
1489 2497 1590 2545 usque
1615 2497 1812 2546 agnosceret
1835 2510 1873 2532 ac
1890 2498 1976 2534 nihil

1174 2547 1291 2590 aliud3
1324 2548 1359 2582 in
1382 2545 1529 2581 seeundo
1554 2547 1726 2595 vituperat
1757 2546 1868 2582 nescio
1893 2559 1976 2595 quos

1176 2596 1252 2643 post
1270 2595 1510 2631 consideratam
1527 2595 1711 2631 lefihonem
1727 2595 1840 2642 loci7‚
1851 2606 1911 2643 54:
1938 2596 1974 2631 in

1177 2646 1280 2681 tertio
1301 2657 1383 2679 mox
1400 2644 1483 2679 velis
1508 2645 1614 2692 plenis
1637 2645 1842 2680 citationum
1865 2643 1974 2680 fertur

1175 2693 1217 2729 ad
1233 2692 1439 2742 probandam
1464 2694 1582 2728 utendi
1600 2692 1881 2742 significationem
1899 2717 1912 2736 ‚
1937 2692 1974 2727 in

1177 2754 1317 2791 quarum
1332 2752 1445 2776 tamen
1462 2743 1561 2790 copia
1580 2744 1664 2778 citat
1681 2754 1723 2777 ex
1738 2741 1886 2776 editione
1896 2741 1972 2775 Ste-

1179 2792 1320 2840 phanica
1329 2790 1421 2837 87‚7
1437 2796 1485 2836 Τῷ
1495 2795 1575 2837 αὐτῷ
1591 2792 1688 2838 τρόπῳ
1707 2792 1897 2834 διαχώοθαι
1910 2791 1973 2822 Eo-

1178 2840 1249 2874 dem
1272 2839 1361 2873 modo
1377 2841 1467 2884 ufhm
1484 2842 1548 2883 eſjb.
1600 2839 1666 2876 Sed
1686 2839 1722 2874 δί
1737 2848 1895 2872 numerus
1916 2837 1973 2873 ille

1177 2901 1296 2937 pravus
1309 2888 1357 2923 est
1371 2913 1382 2931 ‚
1408 2901 1512 2936 quum
1531 2887 1589 2933 88,
1603 2901 1627 2935 7
1642 2886 1767 2923 incidat
1783 2886 1817 2919 in
1832 2885 1909 2920 libri
1924 2886 1972 2922 se·

1176 2938 1278 2973 cundi
1295 2946 1397 2984 caput
1418 2949 1429 2971 1
1440 2949 1493 2983 27.
1510 2937 1569 2973 ubi
1584 2938 1642 2972 ista
1658 2934 1758 2971 verba
1774 2934 1972 2980 exstant‚&

1175 2987 1384 3022 infinitivum
1423 2986 1509 3020 istud
1548 2983 1783 3031 intempestive
1824 2983 1970 3029 citatur,

1173 3048 1276 3084 quum
1294 3035 1459 3082 pertineat
1475 3034 1516 3069 ad
1531 3031 1730 3074 dialedum,
1741 3043 1842 3079 quam
1858 3033 1892 3067 in
1902 3034 1970 3068 hoc

1173 3085 1251 3119 loco
1266 3082 1406 3118 restituo
1417 3108 1428 3126 ,
1454 3095 1518 3129 qua
1535 3082 1636 3118 etiam
1654 3081 1761 3117 utitur
1774 3080 1969 3118 Herodotus

1881 3142 1967 3178 2³¹3
