2112 3621
342 271 789 313 INTERPR.
856 270 900 309 L.
958 271 1601 313 RHODOMANO.

139 338 267 386 Elapfis
283 351 355 373 xxx
371 338 518 383 diebus,
534 338 667 384 abjecto
685 338 813 380 verini,
830 337 945 372 oleum

138 387 223 422 benc
240 386 418 421 conditum
436 386 493 421 soli
505 387 669 421 Indorum
686 387 759 433 regi
776 385 943 433 transpor-

137 444 220 470 tant.
271 436 380 471 Alteri
406 437 496 469 enim
524 435 649 483 aliquid
676 436 755 470 inde
772 435 943 469 vendicari

133 496 203 518 non
218 484 308 519 licet.
336 484 418 518 Hoc
434 483 549 518 oleum
561 485 754 532 cuicunque
770 485 817 518 rei
833 483 942 518 affun-

133 531 226 567 ditur
242 545 316 568 eam
333 533 485 567 incendit
500 557 511 577 ‚
539 532 781 580 comburitque
795 532 887 580 ligna
907 531 942 566 Sc

131 582 285 617 animalia
301 607 313 626 ,
348 593 411 616 nec
442 582 504 616 alia
543 583 682 617 materia
714 581 943 629 exstinguitur

131 640 232 677 quam
248 631 344 679 largo
360 630 395 665 δί
414 631 510 679 spisso
528 631 612 666 luto.
649 631 736 665 Sunt
754 630 889 664 arbores
906 629 941 664 in

134 678 231 714 India
246 679 407 723 excelsae,
433 691 471 714 ut
489 680 608 714 cedrus
628 678 663 712 &
680 679 870 726 cuprefl'us:
887 678 940 712 fo-

131 727 174 762 lia
188 728 374 776 palmarum
387 754 397 772 ‚
423 728 476 763 sed
494 729 593 776 paulo
611 728 751 771 latiora,
767 726 940 775 axillisquc

130 786 272 812 carent:
301 777 420 811 florem
447 780 560 812 auten]
584 778 748 811 emittunt
774 787 812 811 ut
828 777 938 811 laurus

130 824 294 870 mascula,
312 826 365 860 sed
380 825 501 873 absque
518 825 642 860 fruetu.
671 825 937 873 IndiCarpiuni,

131 873 250 909 Graeci
266 875 520 922 Myrorhodam
546 884 757 922 nuncupant.
808 875 941 923 Magna

130 923 201 971 ejus
230 924 354 958 raritas.
404 924 588 959 Profluunt
614 924 691 958 inde
716 923 783 958 olei
808 933 939 972 gntae,

129 984 208 1019 quas
224 971 297 1007 lana
313 972 487 1008 arboribus
509 972 652 1022 appensa
666 972 845 1020 excipiunt
860 997 872 1016 ‚
899 972 934 1007 ὃ(

129 1021 166 1055 in
186 1020 345 1056 alabastra
369 1021 498 1069 lapidea
516 1022 724 1070 exprimunt.
777 1021 887 1056 Color
903 1023 933 1055 ei

129 1069 177 1103 est
193 1070 325 1117 placide
341 1069 596 1115 subrubescens,
623 1070 658 1104 ἃ
675 1070 794 1105 leviter
808 1069 932 1118 spissus:

129 1117 217 1153 odor
234 1128 347 1153 autem
364 1121 519 1154 omnium
541 1118 743 1155 suaviffimus
759 1145 770 1163 ,
794 1129 833 1154 ut
854 1119 894 1154 ad
910 1132 932 1154 v

129 1166 231 1202 stadia
246 1167 337 1202 olere
360 1168 540 1203 affirment.
572 1169 641 1203 Soli
659 1169 725 1202 hoc
742 1169 814 1216 regi
832 1167 931 1216 posti-

127 1215 207 1250 dere
223 1215 303 1250 licet
320 1216 455 1264 ejusque
471 1218 680 1265 propinquis.
718 1217 800 1251 Inde
819 1216 930 1251 Peria-

127 1277 202 1298 rum
227 1266 298 1312 regi
318 1265 419 1299 Indus
437 1265 626 1300 transmisit.
659 1264 776 1299 vidiss'e
791 1265 932 1301 testatur

126 1312 254 1347 Ctefias
269 1338 280 1356 ,
308 1312 343 1346 ἃ
366 1314 547 1349 odoratum
570 1314 634 1348 effe
659 1313 858 1349 incredibile
881 1314 931 1349 di-

125 1361 183 1396 ctu
199 1361 235 1395 &
253 1362 416 1408 opinione
431 1365 555 1411 majus:
582 1372 621 1398 ut
638 1362 769 1398 cascum
785 1365 887 1398 etiam
898 1364 934 1399 δί

124 1411 242 1447 vinum
275 1411 430 1446 onmium
461 1411 688 1447 dulcifiimum
723 1414 935 1460 experientia

123 1458 282 1507 magistra
306 1459 337 1494 se
354 1461 554 1509 cognoviss'e
577 1462 635 1496 ait.
669 1461 758 1495 Fons
780 1461 828 1496 est
844 1461 932 1510 apud

123 1508 229 1554 Indos
244 1520 266 1544 v
284 1509 371 1543 ulnis
386 1510 421 1544 in
437 1510 556 1545 orbem
573 1510 712 1553 duetus,
730 1510 840 1557 figura
855 1523 936 1557 qua-

123 1557 218 1592 drata
233 1581 246 1600 ,
272 1559 368 1606 cujus
384 1571 468 1605 aqua
486 1559 574 1592 intra
589 1571 709 1606 rupem
728 1572 735 1592 :
763 1559 936 1605 triumque

124 1605 322 1641 cubitorum
349 1606 562 1654 profunditas
585 1607 688 1653 usque
720 1606 760 1640 ad
795 1606 934 1654 superfi-

124 1656 214 1690 ciem
237 1665 334 1702 aquae
359 1667 367 1689 :
401 1655 480 1690 inde
503 1655 545 1690 ad
567 1655 713 1690 fundum
741 1665 807 1690 tres
832 1657 933 1690 ulnae.

124 1703 302 1739 Lavantur
319 1703 404 1738 inibi
418 1702 613 1739 nobiliffimi
632 1704 795 1739 Indorum
814 1729 825 1747 ‚
850 1705 934 1748 viri,

124 1752 250 1800 pueri,
276 1751 312 1785 &3
329 1752 497 1788 mulieres.
530 1753 584 1788 Eo
606 1754 640 1788 in
664 1753 766 1801 pedes
782 1752 812 1787 se
828 1753 934 1802 proji-

125 1803 223 1837 ciunt
238 1801 470 1837 &urinantur.
496 1801 645 1843 Quando
661 1803 768 1850 igitur
784 1802 934 1837 insiliunt

124 1863 210 1899 aqua
224 1849 347 1886 sursum
363 1863 420 1886 eos
435 1851 599 1887 extrudit.
627 1852 708 1887 Nec
723 1863 805 1886 vero
821 1851 934 1886 homi-

125 1912 184 1935 nes
199 1909 333 1935 tantum
349 1910 441 1936 retro
453 1900 560 1949 jactat
574 1926 586 1945 ‚
611 1899 665 1935 sed
683 1900 783 1934 etiani
802 1900 933 1948 quidvis

125 1948 215 1984 aliud
231 1950 366 1984 excutit
387 1950 423 1984 in
444 1950 590 1995 siccum,
609 1950 726 1984 vivum
745 1949 784 1984 sit
800 1959 857 1984 aut
873 1962 933 1983 ex-

125 1998 248 2033 anime.
282 1998 319 2033 ὅ(
342 1998 425 2047 quid
450 1999 588 2035 multa?
613 1998 733 2033 cuncti
756 2011 832 2046 quse
857 1999 933 2043 inji-

1722 273 1800 323 671

996 337 1133 371 ciuntur
1159 339 1291 386 repellit
1308 364 1319 382 .,
1346 350 1470 387 prseter
1495 340 1621 374 serrum
1638 365 1650 383 ‚
1685 351 1805 387 argen-

995 393 1070 418 tum
1090 409 1101 427 ,
1127 399 1244 421 aurum
1272 390 1307 421 δε
1332 402 1376 422 {es
1393 414 1403 431 ³
1437 402 1513 436 quae
1539 388 1646 423 fundo
1670 390 1803 435 recipit.

994 432 1148 480 Liinpha
1162 436 1273 483 gelida
1289 437 1336 470 eil
1353 436 1385 470 δὲ
1397 448 1484 484 potu
1500 437 1620 473 stiavis:
1639 450 1803 487 magnum

992 493 1074 515 vero
1090 481 1235 518 sonitum
1255 484 1323 519 edit
1335 511 1346 529 ,
1364 498 1401 520 ac
1421 485 1444 520 fi
1459 499 1543 533 aqua
1559 488 1594 521 in
1611 486 1720 522 aheno
1737 487 1803 521 fer-

993 541 1073 563 vens
1090 530 1220 567 bulliat.
1256 534 1356 568 Sanat
1373 544 1486 568 autem
1505 535 1582 569 haec
1597 548 1682 582 aqua
1698 536 1803 570 vitili-

991 579 1088 626 gines
1116 580 1151 613 ὅ(
1178 580 1333 615 scabiem.
1387 583 1503 617 Indica
1534 583 1650 631 lingua
1676 584 1803 619 dicitur

992 627 1127 661 banada
1148 641 1154 662 z
1180 630 1271 676 quod
1299 630 1463 665 [alubrcm
1490 641 1608 666 vertas.
1661 634 1748 667 Sunt
1768 635 1802 667 in

990 677 1160 711 montanis
1186 678 1380 722 hidoruin3
1407 679 1465 713 ubi
1489 680 1635 715 calamus
1661 681 1800 724 crescit,

990 725 1145 759 homines
1164 727 1203 761 ad
1221 739 1293 761 xxx
1314 739 1366 771 Μ,
1392 740 1538 775 quorum
1558 741 1680 764 uxores
1702 730 1801 764 scinci

989 786 1050 821 per
1065 774 1170 809 vitam
1193 777 1328 823 pariunt
1345 801 1356 820 ‚
1383 777 1418 811 &
1442 778 1498 823 qui
1523 776 1702 813 nascuntur
1718 780 1799 813 den-

989 833 1040 857 tes
1071 822 1181 858 secum
1210 825 1356 859 afferunt
1386 824 1481 873 supra
1507 826 1541 860 ἃ
1566 827 1651 861 infra
1676 829 1800 862 eximie

989 872 1136 920 pulcros.
1162 874 1222 921 pili
1241 883 1352 908 autem
1379 884 1453 909 tuin
1479 876 1513 908 in
1531 876 1643 922 capite
1658 886 1732 911 tum
1750 875 1801 911 su·

989 922 1137 969 perciliis
1161 922 1179 956 :¹1
1202 924 1315 970 primo
1339 924 1385 958 cis
1412 935 1494 958 ortu
1516 923 1590 958 sunt
1610 926 1718 969 cani,
1752 925 1801 961 fe—

989 971 1098 1005 mellis
1125 972 1250 1019 pariter
1272 984 1311 1006 ac
1333 973 1496 1008 masculis..
1548 973 1594 1008 Et
1613 973 1655 1008 ad
1672 974 1800 1009 tricesi-

985 1031 1081 1054 mum
1104 1021 1212 1055 aetatis
1227 1032 1352 1056 annum
1370 1022 1508 1070 quisque
1524 1022 1704 1057 hominum
1724 1024 1799 1058 illo-

986 1081 1060 1103 rum
1078 1069 1170 1104 albos
1193 1070 1317 1104 retinet
1334 1073 1443 1106 crines
1461 1080 1538 1105 toto
1557 1084 1722 1119 corpore:
1741 1073 1799 1108 de-

984 1118 1065 1152 hinc
1074 1117 1261 1166 nigrescere
1276 1120 1458 1167 incipiunt.
1486 1120 1559 1154 'Ubi
1570 1133 1618 1154 Lx
1635 1134 1738 1156 annos
1749 1133 1799 1157 at-

983 1168 1125 1214 tigerint
1144 1192 1156 1210 ‚
1190 1179 1307 1202 onmes
1334 1181 1452 1203 eorum
1486 1171 1572 1216 pilos
1596 1170 1630 1204 in
1660 1171 1797 1218 nigrum

981 1214 1159 1250 conversos
1177 1216 1223 1250 est
1242 1216 1367 1251 videre.
1402 1217 1560 1252 Octonos
1583 1219 1683 1253 ctiam
1702 1232 1735 1253 in
1759 1233 1796 1254 u-

980 1273 1100 1312 traque
1116 1277 1217 1299 inanu
1232 1265 1360 1312 digitos
1379 1266 1524 1310 liabent,
1536 1266 1571 1300 &
1590 1267 1734 1302 totidem
1761 1270 1796 1303 in

984 1313 1121 1361 singuiis:
1147 1312 1289 1361 pedibus
1307 1339 1318 1358 ‚
1346 1316 1578 1349 communiter
1599 1317 1662 1350 viri
1687 1317 1722 1351 ἃ
1748 1317 1796 1352 fe-

985 1364 1098 1404 minae.
1127 1363 1282 1410 Suntque
1307 1362 1486 1411 insigniter
1509 1364 1672 1400 bellicosi.
1714 1366 1797 1401 Ideo

986 1410 1151 1446 Indorum
1181 1424 1297 1459 regem
1326 1414 1505 1459 quinquies
1523 1414 1616 1448 inille
1635 1414 1796 1463 sagittarii

983 1461 1019 1494 δ’.
1036 1460 1225 1495 funditores
1240 1461 1462 1495 comitantur.
1487 1462 1646 1497 Tantulis
1663 1463 1706 1507 (fi
1725 1476 1797 1498 cre—

985 1509 1064 1543 dere
1093 1510 1138 1543 fas
1164 1508 1232 1549 est)
1260 1509 1422 1556 praediti,
1448 1519 1487 1544 ut
1510 1509 1647 1545 brachia
1672 1512 1712 1546 ad
1736 1512 1795 1546 fle-

984 1570 1067 1593 xum
1085 1557 1194 1592 cubiti
1217 1560 1319 1604 usque
1335 1567 1545 1606 contegant,
1564 1559 1598 1593 &
1614 1569 1728 1594 totum
1745 1573 1796 1595 re-

985 1616 1039 1641 tro
1056 1617 1192 1655 tergum
1217 1607 1418 1653 cooperiant
1435 1632 1446 1650 ‚
1474 1606 1508 1640 ἃ
1531 1607 1634 1643 altera
1657 1608 1795 1645 alteram

984 1657 1175 1703 contingat.
1217 1656 1308 1689 Haec
1324 1655 1407 1689 dum
1429 1655 1544 1690 scribit
1567 1656 1603 1691 ὃς
1628 1657 1796 1694 fabulatur

985 1704 1114 1739 Ctefias
1131 1730 1143 1748 ,
1169 1703 1200 1738 se
1222 1703 1388 1739 verissima
1411 1704 1532 1740 litteris
1555 1708 1795 1742 commendare

985 1753 1149 1797 affirmat,
1176 1754 1299 1801 partim
1318 1752 1337 1787 a
1351 1752 1383 1788 se
1399 1752 1466 1788 visa
1483 1756 1659 1790 memoriae
1675 1757 1794 1804 prodi,

984 1804 1107 1850 partim
1132 1802 1173 1837 ab
1195 1802 1339 1837 oculatis
1372 1802 1511 1838 testibus
1543 1814 1683 1853 accepta
1708 1806 1794 1840 tradi

983 1851 1175 1886 asseverans.
1210 1851 1356 1899 plurima
1371 1864 1455 1886 vero
1479 1848 1532 1887 his
1556 1854 1663 1902 magis
1686 1854 1792 1889 adini-

984 1901 1085 1935 randa
1106 1899 1137 1935 se
1160 1900 1425 1948 praetermittere
1441 1927 1452 1945 ,
1486 1913 1528 1935 ne
1551 1903 1655 1938 aliena
1680 1903 1697 1937 a
1726 1903 1791 1938 fide

983 1949 1034 1983 his
1063 1951 1120 1998 qui
1147 1950 1225 1985 talia
1250 1961 1320 1984 non
1342 1949 1502 1985 viderunt
1528 1951 1652 1986 referre
1680 1952 1791 1987 videa—

983 2008 1049 2033 tUl'.

1734 3157 1789 3196 m<
