2112 3621
291 252 371 304 842

295 314 488 363 marginem
511 313 661 361 ponebat
687 313 820 347 E‘Mw'wu
839 312 959 348 πάντων
977 338 986 352 ,
1013 321 1052 346 ut
1072 324 1108 346 o-

297 365 388 399 mnia
406 374 499 398 nune
516 361 581 397 fint
598 361 825 408 complanata.

587 206 1701 301 JAC.GRONO.V11NOTAE1

1166 311 1210 346 H.
1231 311 1422 357 Stephanus
1437 309 1535 345 scribi
1555 310 1658 345 etiam
1679 311 1861 354 σιιιοιμωρέίν.
1889 306 1974 342 Por-

1163 370 1216 394 tus
1233 360 1409 407 postquam
1423 359 1528 394 verbo
1543 364 1714 406 σιναμωςςῖν
1731 358 1872 394 decliss'et
1885 356 1976 391 iham

347 417 407 455 61,
420 423 474 446 20.
499 411 632 457 Timon]
662 411 799 446 Vicinae
816 409 947 459 prorsus
964 409 1111 458 appella·
1138 414 1143 462 l
1168 408 1364 452 stationem,
1375 420 1456 443 mox
1473 408 1563 443 locat
1575 409 1758 455 ΣυνάμοςΘ·
1769 407 1822 442 vel
1837 408 1977 451 συναίμω-

298 462 408 496 tiones
434 459 508 495 sunt
524 460 681 495 Temnus
699 485 710 504 ,
737 471 814 507 quae
841 460 918 494 haec
945 459 1024 495 urbs
1045 459 1112 503 est,

299 510 419 547 Tenus
435 508 471 542 ἃ
482 509 590 544 Telus
608 508 721 544 insulae
732 534 743 551 ,
755 509 857 544 etiam
869 509 904 543 T
908 521 964 544 eus
975 534 987 552 ‚
1014 520 1056 543 ex
1079 520 1112 551 z,

302 556 381 602 178,
399 567 438 592 ut
455 570 525 592 non
540 557 721 594 debuerint
737 557 923 603 confundi,
951 557 1112 592 &omnes

298 608 334 642 in
353 607 530 642 historiam
550 608 649 652 hujus
667 606 811 642 auctoris
828 607 1051 643 conveniunt.
1079 607 1112 641 I—

297 666 399 704 taque
413 651 610 691 Holstenius
625 656 664 691 ad
677 655 889 703 Stephanum
906 656 1111 704 pronunciat

293 705 382 740 male
403 704 448 740 sic
471 704 525 740 edi
544 706 578 740 in
600 705 792 740 Herodoto.
845 706 893 740 At
912 715 1027 740 tamen
1046 715 1109 738 nec

296 753 479 789 lVIediceus
495 766 558 789 nec
574 754 628 788 alii
639 754 743 788 MSS.
757 753 943 801 quidquam
961 761 1109 795 mutant,

300 803 382 838 licet
398 802 554 838 Temnus
573 808 700 848 mm&
715 801 788 837 satis
810 801 978 837 constanti
994 800 1109 850 appel-

300 851 427 887 latione
447 851 598 901 signetur
623 852 659 885 δεῖ
685 861 767 886 nota
793 850 833 886 fit
857 851 1016 886 omnibus
1034 860 1109 886 tum

300 913 361 948 per
371 900 522 936 historias
531 926 541 945 ‚
551 900 587 934 Sc
598 900 825 949 Gcographos
835 925 846 945 ,
855 910 930 935 tum
943 912 1002 948 per
1011 911 1109 934 num-

301 962 376 985 mos
407 961 547 985 veteres.
604 949 724 996 Itaque
748 949 868 997 reliqui
904 948 1109 984 vocabulum

298 998 388 1034 istud
408 999 546 1034 certiori
567 997 763 1045 probationi
780 998 815 1032 ἃ
835 998 1017 1032 Holstenio
1033 1022 1045 1041 ‚
1072 1006 1110 1031 ut

298 1047 369 1095 ipse
394 1048 582 1095 corrigeret
597 1072 609 1091 ,
636 1046 791 1094 measque
808 1059 925 1082 manus
947 1045 1112 1089 abstinui,

301 1097 360 1144 qui
378 1094 447 1131 scio
463 1121 475 1140 ,
502 1095 594 1143 quod
620 1095 657 1130 ὃς
682 1095 750 1143 ipse
773 1097 926 1144 cogitare
946 1094 1112 1138 debebat,

302 1144 480 1180 lemniscos
501 1144 543 1180 ab
560 1145 692 1180 Latinis
717 1145 786 1180 dici
801 1170 813 1188 ,
840 1145 898 1192 qui
916 1143 981 1179 sint
1000 1143 1042 1178 ab
1059 1155 1112 1183 λη-

301 1199 407 1236 vi'on&
416 1218 428 1238 ,
438 1193 475 1228 ἃ.
484 1198 621 1240 πίπλημι
638 1206 701 1241 pro
720 1198 882 1239 πίμπλημι
891 1217 903 1236 ,
913 1192 949 1228 &
965 1193 1114 1239 λαμφθῆ-

303 1258 367 1286 vau,
392 1243 495 1277 etiam
512 1255 692 1277 occurrere
709 1254 800 1277 nunc
818 1241 998 1290 Πάπρημις,
1022 1254 1114 1278 nunc

305 1291 513 1338 Ποίμπξημις,
539 1295 714 1337 Παπξίημις
732 1303 832 1335 2,71.

354 1343 413 1384 61,
425 1352 477 1375 22..
505 1339 610 1377 Πόλιες
624 1341 784 1386 οἰρχοᾱια]
812 1340 891 1376 MS.
904 1339 1008 1377 πόλιες
1021 1343 1049 1377 αἱ
1060 1344 1112 1387 οἱς-

307 1393 395 1434 zaim
412 1413 423 1431 ‚
450 1389 564 1423 medio
582 1388 780 1437 interposita
796 1389 960 1434 particula
975 1414 986 1432 ,
1013 1401 1112 1436 quam

309 1438 345 1471 &
365 1438 468 1471 loniae
487 1437 625 1472 urbibus
643 1436 816 1483 apposuit:
829 1437 865 1470 ὃς
883 1437 1037 1471 similiter
1053 1437 1115 1471 sta-

306 1487 369 1520 tim
386 1486 525 1519 ὃυώδεκω
543 1488 571 1522 αἱ
590 1491 620 1519 ἐν
636 1490 672 1529 τῇ
685 1484 998 1532 η’πεῖρῳμῑῖὶίνῶςο
1015 1485 1116 1533 igno-

306 1542 380 1568 rant
397 1540 579 1567 articulum
597 1536 634 1569 αἱ.

353 1586 412 1625 61,
427 1580 480 1629 38.
513 1588 549 1616 Αἱ
584 1582 763 1629 η’πιίρώτιδες
798 1585 934 1619 Αἰολίδες
966 1582 1081 1619 πόλιες.

308 1630 430 1675 Quini
449 1631 484 1664 in
499 1630 652 1665 editione
670 1632 748 1666 anni
771 1642 859 1678 1592
875 1631 962 1666 male
978 1631 1118 1666 cessiss'et

308 1680 504 1728 Stephano,
529 1692 568 1714 ac
584 1692 698 1727 oper-ce
717 1681 981 1729 typographicae
998 1690 1116 1715 notam

309 1729 496 1777 Stephani,
522 1741 588 1777 qua
603 1730 637 1763 in
651 1731 805 1778 margine
831 1731 960 1778 apponi
979 1729 1116 1765 volebat

310 1794 357 1823 χ.
373 1781 510 1815 Αἰολίδες
526 1778 630 1814 πόλιες
647 1803 658 1821 ,
683 1779 917 1814 adnexuissent
931 1778 1043 1815 verbis
1059 1791 1117 1814 an-

311 1827 547 1862 tecedentibus
564 1830 591 1864 ou‘
607 1827 715 1862 ἕνδεκα
737 1828 839 1864 πόλιες
855 1852 867 1872 ,
888 1828 1117 1876 Jungei·man-·

310 1887 372 1911 nus
389 1875 541 1911 defectus
558 1877 657 1924 copia
673 1877 832 1912 codicum
855 1878 958 1913 MSS.
969 1877 1051 1913 huic
1067 1879 1118 1913 vi-

310 1926 361 1960 tio
388 1925 516 1960 mederi
541 1926 715 1973 nequivit,
742 1926 777 1960 &
795 1926 917 1961 eodem
934 1927 1021 1974 pede
1038 1939 1117 1974 pro-

313 1974 411 2021 gredi
431 1974 617 2010 editionem
636 1974 726 2010 suam
754 1975 860 2022 passus
875 1975 923 2010 est
940 2000 952 2019 ,
976 1989 1017 2011 eo
1035 1975 1117 2011 faci-

313 2024 397 2057 liore
421 2024 518 2058 venia
544 2024 692 2071 diguus,
726 2023 819 2072 quod
842 2036 884 2059 ne
910 2025 945 2059 in
971 2024 1119 2073 Anglica

313 2071 451 2118 quidem
461 2072 493 2107 id
511 2075 682 2120 corrigere
700 2084 840 2108 conatus
855 2073 958 2109 fuerit
966 2074 1120 2109 Th.Ga-

314 2119 479 2168 le,quum
496 2120 682 2169 supponam
701 2134 743 2156 ex
759 2123 805 2157 eis
821 2122 1017 2168 codicibus,
1036 2136 1121 2171 quos

313 2168 371 2203 ille
395 2168 435 2203 ad
461 2181 598 2205 manum
625 2170 743 2206 habuit
759 2197 771 2215 ,
807 2181 900 2207 certe
917 2172 951 2208 id
975 2172 1122 2221 potuisse

313 2218 435 2252 caveri.
474 2217 582 2253 Nunc
598 2219 704 2267 igitur
726 2232 852 2256 moneo
877 2232 1029 2257 mentem
1047 2221 1121 2257 Ste-

314 2266 418 2314 phani
435 2278 508 2302 eam
527 2267 641 2312 fuisse,
653 2278 690 2303 ut
708 2269 884 2304 testaretur
899 2271 933 2306 in
952 2271 1056 2306 MSS.
1073 2270 1121 2305 le-

312 2316 350 2364 gi
360 2315 538 2363 η’πᾴςαὲτιὸες
554 2320 687 2354 Αἰολίδες
705 2318 818 2354 πόλιες.
844 2319 899 2354 Ex
910 2319 1031 2366 quibus
1041 2332 1121 2354 cen-

314 2366 369 2401 seo
393 2376 516 2400 vocem
546 2369 678 2402 Αἰολίδες
704 2367 846 2401 omnino
872 2368 937 2403 esse
961 2368 1121 2403 Herodo-

318 2424 429 2458 team,
445 2414 547 2462 idque
566 2415 632 2450 fide
648 2416 772 2462 optimi
789 2415 936 2458 codicis,
954 2416 1123 2451 &debere

318 2475 392 2501 eam
408 2464 558 2511 conspici
582 2465 650 2499 hoc
665 2466 701 2500 in
715 2464 794 2500 loco
809 2490 822 2510 ,
848 2465 907 2501 ubi
924 2465 1000 2501 haec
1017 2465 1123 2501 editio

321 2525 394 2548 eam
413 2514 509 2549 censa
529 2513 587 2548 est.

369 2565 495 2608 61,42..
523 2562 667 2604 A'ejffssaw
680 2562 945 2611 ίαὶδροιπόὸιζακ]
957 2564 1051 2599 Bene
1061 2564 1125 2599 im-

322 2610 482 2658 probavit
498 2612 630 2659 periodi
647 2612 746 2658 hujus
761 2611 950 2648 vei-fionem
969 2613 1010 2648 ab
1029 2614 1128 2649 Valla

324 2659 437 2695 datam
453 2660 609 2696 Erasmus
627 2661 836 2710 Vindingius
859 2663 895 2697 in
918 2662 1064 2697 Hellcne
1085 2663 1126 2698 de

325 2707 480 2754 Lesbiis,
497 2710 532 2745 &
557 2709 602 2745 sic
624 2711 799 2746 correxit:
828 2712 956 2746 Sextum
978 2714 1011 2745 in
1032 2713 1127 2746 Lesbo

324 2759 485 2793 civitatem
505 2767 681 2794 everterunt
695 2760 920 2806 Alethynmaei,
945 2760 1081 2807 civesque
1095 2764 1128 2796 in

318 2805 504 2852 ftrvltutem
525 2808 740 2854 abstraxerunt
754 2834 766 2853 ,
789 2822 857 2845 cum
872 2817 976 2845 tamen
996 2809 1128 2856 ipfhrum

328 2854 536 2902 consanguinei
550 2858 650 2903 effent.

374 2908 434 2948 62,
448 2916 457 2939 1
471 2916 498 2952 3.
524 2908 573 2942 εἵς
589 2911 653 2952 ἐμοὶ
668 2906 785 2954 δοκέῃ
821 2906 924 2942 Edidi
939 2919 982 2942 ex
999 2907 1078 2943 MS.
1096 2910 1131 2944 ῶς

330 2951 386 3000 μῆι)
400 2958 465 2999 ἐμοὶ
480 2956 570 2993 donst.

376 3000 500 3046 62,18.
527 3003 617 3036 Πόλιν
634 3003 850 3051 συναμωςὲᾆν]
875 3004 1129 3048 Joacl1.Came-

328 3051 431 3086 rarius
446 3051 533 3085 hanc
549 3063 671 3086 vocem
688 3053 734 3086 ita
749 3053 907 3099 scriptam
926 3052 1129 3100 probat,cx-

328 3101 493 3149 ponitque
507 3099 633 3136 vastare
649 3125 661 3145 ‚
685 3100 842 3148 perdere:
867 3101 924 3136 cui
938 3100 1131 3137 subnotavit

1168 1498 1200 1530 ,ᾗ

1148 2580 1161 3173 i

1167 464 1228 503 e&
1248 482 1260 500 ‚
1286 457 1344 491 ubi
1366 458 1446 492 alios
1468 456 1621 505 agnoscit
1638 469 1698 505 per
1717 474 1725 491 ι
1743 456 1778 491 ἃ
1798 473 1810 491 ο
1828 455 1975 490 seriben-

1168 508 1248 541 dum
1267 505 1398 541 censere
1415 531 1425 549 ,
1454 506 1499 540 ita
1523 515 1562 540 ut
1587 519 1671 540 mox
1689 505 1804 541 redeat
1824 505 1863 540 ad
1885 505 1976 552 prius

1404 555 1507 589 etiam
1524 554 1571 588 ibi
1599 564 1720 589 notans
1735 555 1799 589 esse
1815 579 1826 598 ,
1853 555 1910 602 qui
1929 569 1975 587 σι-

1165 610 1305 651 verume&
1323 616 1383 652 per
1399 621 1407 637 ι
1428 602 1642 638 scribendum
1669 613 1802 650 putent.
1843 601 1975 638 Sed-est

1165 666 1289 700 purum
1325 664 1445 696 putum
1473 653 1595 688 vitium
1622 653 1736 700 primo
1769 650 1976 694 scribarum,

1164 715 1247 737 mox
1266 703 1538 751 typothetarum.
1590 702 1670 737 MS.
1688 701 1839 749 optimus
1857 700 1898 734 ad
1914 710 1976 734 nos

1163 750 1360 786 transmittit
1370 752 1458 786 clare
1475 755 1642 797 σιναμορὲᾀν
1659 762 1729 785 non
1749 748 1855 784 modo
1873 761 1934 796 per
1948 764 1974 792 a,

1162 798 1214 833 sed
1234 800 1268 834 ὅ(
1287 812 1346 847 per
1360 800 1457 846 μικρὸν
1478 816 1502 834 ο.
1538 800 1658 849 ltaque
1674 798 1797 834 refifius
1820 797 1977 833 decrevit

1163 848 1353 895 Stephanus
1370 849 1404 882 in
1420 848 1597 884 Thesauro
1608 849 1686 894 ,ubi
1701 859 1879 897 perperam
1897 846 1978 881 scri-

1162 896 1197 930 bi
1213 897 1259 931 ait
1277 912 1385 942 συναμ,
1429 898 1537 943 Quod
1552 898 1715 933 debuerat
1733 898 1768 932 in
1794 897 1859 932 hac
1876 908 1975 944 pror-

1163 943 1212 979 sus
1225 944 1376 980 editione
1396 946 1610 982 observatum
1627 945 1807 990 fuisse,sed
1823 958 1892 994 quo
1909 946 1975 980 mi-

1165 1005 1223 1028 nus
1241 993 1369 1028 fastum
1388 994 1452 1030 fuit
1469 1020 1480 1039 ‚
1507 996 1608 1030 variae
1623 996 1760 1030 interim
1787 994 1894 1030 causae
1911 995 1975 1030 ob-

1164 1042 1312 1078 fuerunt.
1348 1044 1481 1079 Firmus
1496 1053 1610 1079 autem
1627 1043 1674 1079 est
1694 1043 1806 1078 codex
1824 1045 1861 1078 in
1877 1054 1975 1080 tuen-

1164 1090 1209 1125 do
1225 1095 1378 1138 μηδεμίιω
1390 1117 1402 1136 ,
1427 1105 1497 1128 non
1512 1094 1687 1139 μηδεμίῖω.

1214 1145 1273 1185 όζ,
1292 1140 1345 1176 28.
1374 1145 1419 1176 Ου’
1434 1143 1474 1177 τοὶ
1493 1144 1588 1178 ι’ώνων
1606 1142 1713 1179 πάθεσι
1733 1141 1794 1180 ἐ’ςοοι
1816 1140 1983 1190 {maffia}

1169 1188 1254 1224 Non
1269 1189 1427 1239 intelligo
1445 1216 1457 1235 ,
1484 1191 1566 1240 quid
1588 1192 1625 1227 in
1650 1192 1719 1227 hoc
1742 1191 1823 1226 loco
1840 1191 1977 1239 egerint

1166 1240 1229 1274 viri
1246 1238 1349 1274 docti.
1392 1240 1500 1275 Aldus
1515 1240 1551 1275 Sc
1570 1240 1782 1276 Camerarius
1798 1240 1976 1276 ediderant

1168 1289 1286 1339 ἕλεχω.
1314 1289 1423 1335 Qiod
1441 1301 1547 1337 quum
1563 1289 1738 1325 videretur
1753 1290 1871 1334 nihili,
1899 1289 1976 1323 Ste-

1166 560 1349 602 συνοιμως-Ξέν
1370 582 1378 594 ,

1167 1337 1296 1384 phanus
1321 1338 1382 1373 ista
1408 1350 1494 1373 voce
1512 1339 1546 1372 in
1573 1351 1645 1373 oras
1670 1337 1806 1386 expulsa
1826 1337 1977 1386 reposuit

1166 1387 1302 1435 ἄλεχα,
1331 1387 1423 1434 quod
1442 1387 1515 1422 satis
1532 1400 1595 1435 pro
1610 1389 1766 1435 imperio.
1794 1387 1842 1422 Et
1859 1397 1976 1426 tamen

1167 1435 1202 1468 in
1212 1434 1378 1470 Thesauri
1395 1436 1543 1472 indicem
1562 1437 1587 1472 is
1604 1436 1671 1485 ipse
1688 1437 1837 1472 contulit
1853 1437 1869 1482 [
1883 1436 1975 1476 ὤλε-

1205 1498 1227 1516 ac
1239 1483 1402 1518 dicuntur
1415 1485 1457 1518 ταὶ
1474 1490 1504 1519 'ov
1521 1490 1606 1534 λέχη
1625 1485 1707 1529 aa,
1723 1498 1800 1534 quae
1817 1490 1975 1524 omniurn

1169 1532 1203 1564 in
1219 1543 1278 1565 ore
1292 1531 1368 1566 sunt
1386 1531 1421 1565 ὃς
1444 1533 1478 1565 in
1494 1536 1651 1568 omnium
1677 1535 1829 1569 sermone
1844 1536 1975 1572 versan-

1167 1589 1224 1614 tur
1235 1604 1247 1624 ,
1273 1580 1413 1628 vulgata
1431 1579 1601 1614 Herodot.
1618 1580 1678 1614 lib.
1691 1581 1725 1626 i]
1757 1584 1851 1626 Qiae
1867 1587 1975 1621 varie-

1167 1639 1216 1664 tas
1234 1628 1387 1663 dedecet.
1424 1629 1547 1663 Portus
1562 1637 1724 1663 neutrum
1741 1630 1852 1665 voluit
1868 1644 1976 1681 agno-

1167 1678 1266 1713 scere.
1292 1677 1360 1713 Sed
1375 1690 1417 1713 ex
1430 1678 1606 1726 Stephano
1624 1677 1880 1723 J0.F1·idericus
1897 1682 1977 1717 ede-

1168 1739 1204 1762 re
1229 1726 1383 1762 sustinuit
1418 1728 1535 1777 {maffia
1552 1752 1563 1771 ,
1597 1739 1678 1763 cum
1704 1727 1767 1762 hae
1799 1731 1980 1767 notatione

1170 1775 1307 1827 [ἕῆκεχοι
1324 1777 1366 1811 τοὶ
1381 1781 1412 1812 ὃν
1430 1781 1517 1826 λέχη
1546 1775 1569 1813 Ε
1593 1776 1678 1824 λόγῳ
1696 1776 1755 1812 ἴνἹοι
1770 1801 1782 1822 ‚
1807 1791 1885 1826 quae
1902 1779 1980 1816 sunt

1169 1827 1204 1860 in
1221 1826 1377 1860 omnium
1394 1838 1453 1860 ore
1469 1828 1505 1860 ὃς
1520 1825 1683 1861 sermone.
1728 1826 1824 1862 Male
1840 1829 1875 1864 in
1893 1841 1979 1865 cun-

1169 1873 1230 1908 &is
1257 1887 1345 1922 pene
1366 1875 1515 1910 codicib.
1530 1875 1658 1924 legitur
1683 1874 1824 1926 οἴλεχαε
1852 1877 1979 1915 alicubi

1170 1924 1273 1959 etiam
1285 1924 1413 1973 ἕλερίω]
1425 1924 1590 1960 Sublimia
1605 1925 1698 1961 audis
1706 1943 1718 1968 ·‚
1727 1926 1781 1962 sed
1791 1925 1916 1973 lutosa,
1927 1937 1981 1964 et-

1171 1971 1195 2006 fi
1214 1972 1371 2021 agnoscas
1387 1974 1611 2022 Stephanum.
1638 1975 1831 2011 Postremus
1845 1977 1980 2012 accedit

1171 2021 1243 2056 Th.
1263 2022 1350 2058 Gale
1362 2044 1372 2061 ,
1388 2035 1430 2058 ex
1447 2025 1626 2071 inopinato
1644 2025 1750 2060 citans
1764 2025 1883 2076 ἄλεχοι
1899 2025 1979 2072 [In-

1173 2081 1301 2119 terpres
1309 2082 1366 2106 aut
1381 2072 1470 2107 aliud
1489 2073 1660 2121 legit,aut
1676 2086 1799 2109 vocem
1811 2074 1898 2108 hanc
1907 2085 1978 2108 non

1173 2119 1353 2156 intellexit.
1381 2121 1497 2156 Credo
1511 2121 1672 2169 scripfiss'e
1686 2121 1908 2157 Herodotum
1927 2123 1979 2158 ἕλ-

1173 2179 1279 2219 mxu..
1302 2174 1404 2219 Λέξεων
1421 2169 1496 2204 sunt
1512 2170 1700 2217 abnuenda]
1720 2170 1819 2205 Adeo
1834 2170 1919 2206 nihil
1935 2170 1980 2206 de

1174 2218 1237 2253 illis
1252 2218 1384 2254 duobus
1401 2218 1577 2254 codicibus
1586 2219 1680 2255 MSS
1690 2219 1702 2253 ?
1713 2220 1802 2255 Non
1818 2231 1860 2254 ex
1876 2219 1980 2267 ipsius

1175 2266 1243 2302 fide
1269 2267 1395 2316 pendet
1410 2267 1623 2304 Herodotus,
1662 2268 1783 2316 Itaque
1807 2278 1846 2303 ut
1863 2269 1981 2305 omnia

1175 2317 1316 2364 posthac
1333 2316 1397 2351 sint
1412 2316 1521 2352 serena
1537 2341 1550 2361 ,
1575 2315 1659 2352 seito
1676 2342 1688 2362 ‚
1714 2318 1761 2353 mi
1784 2317 1893 2352 Ιεᾶοι·
1908 2343 1920 2362 ,
1944 2319 1981 2353 in

1175 2365 1395 2403 vetustiffimo
1412 2365 1532 2400 codice
1545 2365 1613 2415 legi
1629 2366 1762 2414 prorsus
1772 2368 1889 2416 'e'nxeflgx
1897 2394 1906 2406 ,
1916 2379 1983 2402 un-

1176 2414 1218 2449 de
1236 2416 1361 2450 merito
1377 2415 1458 2450 hinc
1473 2416 1587 2451 omnia
1602 2416 1665 2451 alia
1685 2415 1797 2464 abegi.
1831 2418 1916 2453 vox
1932 2416 1982 2453 est

1175 2463 1368 2508 clariffima,
1386 2465 1419 2499 &
1435 2468 1533 2514 λέχεα
1550 2465 1649 2500 nimis
1664 2464 1751 2513 saepe
1768 2465 1956 2502 illustratae.

1223 2518 1323 2562 63,9.
1348 2513 1431 2550 Ω“ςεᾶ’
1446 2529 1491 2550 τις
1509 2514 1622 2560 mangot
1635 2514 1895 2562 οὶποκἾείνοιςὲζε]
1924 2515 1982 2551 EX

1178 2564 1246 2599 hoc
1271 2563 1377 2612 igitur
1397 2562 1476 2596 loco
1502 2562 1617 2599 hausta
1649 2563 1705 2598 illa
1736 2563 1891 2600 doeh-ina
1911 2564 1980 2609 est,

1179 2625 1243 2661 qua
1260 2610 1458 2660 posteriores
1480 2613 1613 2660 tyranni
1631 2612 1737 2648 calide
1753 2612 1891 2648 fuerunt
1908 2611 1955 2648 ufi
1965 2637 1978 2657 ‚

1179 2661 1263 2697 adeo
1281 2670 1317 2696 ut
1331 2659 1507 2708 Philippus
1518 2661 1624 2696 Persei
1639 2671 1735 2710 pater
1749 2673 1885 2710 quoque
1901 2660 1981 2696 inde

1180 2709 1310 2746 versum
1335 2708 1565 2769 compositum
1589 2711 1624 2745 in
1642 2723 1701 2746 ore
1727 2709 1874 2746 habuisse
1887 2708 1980 2744 dica-

1180 2771 1235 2796 tur
1252 2759 1399 2800 Νῆπιζῷϋ,
1415 2762 1444 2793 ὃς
1460 2763 1584 2806 πωτέρω
1600 2759 1699 2797 alelmo<
1715 2760 1766 2806 ᾡὲς
1779 2757 1930 2797 ἀπολείπᾴ
1944 2770 1980 2793 a·-

1181 2807 1252 2857 pud
1282 2805 1464 2855 Polybium
1497 2808 1533 2842 in
1565 2808 1746 2858 Excerptis
1769 2804 1982 2843 Peircscianis

1183 2868 1260 2905 pag.
1279 2856 1357 2891 118.

1232 2910 1288 2953 63.
1307 2916 1361 2940 ΖΟ.
1393 2903 1446 2942 Kal
1463 2907 1524 2951 ἐγώ
1538 2911 1664 2954 κεφαλῇ’
1679 2904 1840 2951 drapalia·
1859 2905 1980 2953 spsgw]

1185 2955 1286 3011 Elegi
1309 2953 1400 3001 quod
1423 2965 1493 2990 erat
1516 2955 1719 2990 veriffimum
1734 2978 1746 2997 ,
1769 2962 1892 3000 utpote
1909 2956 1982 3002 jam

1183 3004 1224 3039 ab
1247 3002 1420 3049 Stephano
1446 3004 1481 3037 in
1506 3005 1611 3040 MSS.
1635 3001 1760 3037 lectum
1787 3001 1824 3036 ὃς
1846 3001 1923 3037 ideo
1947 3004 1982 3040 in

1184 3052 1334 3099 margine
1349 3061 1503 3086 notatum
1513 3077 1525 3096 ,
1541 3051 1632 3099 quod
1647 3051 1749 3086 etiam
1764 3049 1892 3086 exstare
1907 3064 1980 3087 cer-

1182 3100 1302 3136 nobam
1316 3100 1351 3133 in
1365 3099 1486 3136 codice
1501 3101 1645 3148 optimo.
1686 3099 1722 3134 Si
1739 3100 1797 3147 qui
1814 3100 1981 3136 exhibue-

1906 3158 1993 3189 runt
