2112 3621
296 231 378 282 740
561 212 648 264 DE
689 216 958 262 aanor).
995 209 1158 261 voe.
1198 215 1288 259 ET
1329 213 1499 275 LoQ
1529 217 1687 262 GEN.

294 292 542 332 vocabulomm
559 292 693 327 dicatur
708 315 718 334 ,
745 290 782 324 &
795 292 917 329 smair&
933 287 1090 323 intefilla
1106 297 1253 340 ponatur
1266 312 1278 331 ,
1304 297 1464 336 tanquam
1489 296 1593 331 neh&
1609 302 1680 326 non
1698 290 1823 332 bah&
1838 313 1850 332 ,
1875 285 1971 324 Ioni·

295 358 375 380 curn
391 343 449 378 sit:
478 352 594 378 tamen
606 344 728 381 'met-Tu&
738 350 875 386 quoque
889 337 983 372 hunc
997 335 1086 385 apud
1102 337 1302 383 lcript-orem
1319 336 1408 384 saepe
1423 342 1587 374 occurrit.
1615 339 1673 375 Sic
1687 350 1757 374 non
1769 338 1877 374 solum
1892 339 1970 385 ὥρων

294 406 359 442 pro
377 391 468 439 ἐώρων
484 416 495 435 ,
521 390 575 426 sed
593 390 694 424 etiarn
717 389 785 423 hoc
800 386 909 434 ipsum
924 385 1015 433 ἑώρων
1033 384 1122 432 apud
1139 396 1218 419 eum
1239 384 1397 432 legimus.
1446 389 1500 422 Ac
1519 400 1562 423 ne
1576 388 1643 436 ὅςτῆ
1656 387 1794 436 quidem
1809 400 1873 435 pro
1888 388 1972 433 ὲοςτῆ

296 442 492 477 constanter
504 439 668 487 scriptum
688 437 746 472 est.
797 437 918 484 thue
935 434 1055 482 loquar
1075 434 1117 469 de
1133 434 1171 468 iis
1186 446 1323 481 quoque
1338 434 1424 469 locis
1440 436 1499 470 ubi
1514 449 1634 473 contra
1649 437 1804 472 inseritur
1818 437 1893 471 haec
1908 449 1970 471 vo-

296 492 376 526 calis
395 517 406 535 ,
433 497 559 539 pr‘aeter
581 499 712 523 morem
739 487 866 534 linguae
885 483 1077 519 communis
1089 508 1101 527 ,
1126 483 1301 517 sciendum
1316 483 1389 527 est,
1416 497 1486 519 non
1502 487 1751 532 μηχαωεώμενβυ
1763 496 1899 522 tantum
1916 483 1972 520 sed

297 542 536 586 μηχωνώμενῷ*
552 539 652 572 etiam
664 562 676 581 ,
704 535 893 582 itidemque
907 533 1077 579 μηχσονῶνῇ
1096 533 1176 580 legi.

347 589 403 624 Ab
421 603 432 624 ε
450 588 491 624 ad
505 605 520 628 η
536 586 697 622 transiens
714 610 725 629 ,
754 584 877 619 mutari
894 583 1031 630 quidem
1051 581 1086 615 &
1105 582 1194 616 hanc
1211 581 1366 616 vocalem
1386 599 1399 620 η
1417 583 1496 618 dico
1511 583 1545 618 in
1565 582 1665 618 aliam
1680 609 1692 627 ,
1719 584 1841 619 Ionico
1856 595 1969 618 more:

297 638 352 673 sed
367 651 409 674 ne
424 638 482 673 hic
495 637 634 684 quidem
650 634 875 670 constantiam
891 631 1021 666 servari.
1048 640 1125 665 nam
1146 642 1253 677 quum
1273 642 1341 665 vox
1359 633 1419 669 νηός
1436 633 1563 667 Ionicae
1579 632 1725 667 dialceto
1738 632 1898 680 assignata
1911 631 1971 676 fit,

298 699 370 722 non
386 688 497 722 minus
513 696 627 722 tamen
646 685 703 720 νεός
717 709 729 728 ‚
755 682 808 717 vel
822 681 872 716 νέοι
889 679 942 716 seu
959 681 1020 717 vieo:
1038 691 1045 698 ·
1074 688 1178 726 quam
1193 684 1249 717 νῆα
1265 702 1277 717 ,
1303 679 1357 714 seu
1374 686 1438 717 vieo<
1456 681 1544 729 apud
1564 693 1643 716 eum
1661 681 1726 716 esse
1741 680 1905 729 scriptum
1919 680 1971 714 vi-

298 735 428 772 demus.
480 737 533 771 Ac
548 747 611 783 pro
628 733 715 774 ἧωων
734 733 769 767 ὃὶ
785 732 936 771 ηὀσωθῆνοα
950 729 1095 777 legimus
1110 726 1195 761 ’έπων
1216 728 1251 761 ὅί
1267 732 1425 767 ἐπωὲνῆηα
1447 731 1562 765 multis
1576 730 1716 778 quidem
1732 731 1767 765 in
1783 730 1887 774 locis,
1915 729 1972 774 (in

298 798 447 832 quorum
461 799 531 821 uno
552 786 598 820 ita
619 782 667 818 est
689 782 888 817 allucinatus
905 778 1006 813 Valla
1024 779 1191 823 interpres
1205 801 1216 820 ,
1244 786 1282 811 ut
1297 789 1362 821 vn,
1382 776 1436 822 18,
1450 791 1492 814 ex
1514 780 1671 827 genitivo
1695 780 1816 828 plurali
1837 778 1972 822 ἐσσι-ἔνων,

298 834 394 870 dieto
415 848 478 882 pro
499 832 614 875 η’ω-ἐνων
632 858 643 876 ,
670 830 792 866 fecerit
810 838 951 877 gentem
969 839 1046 874 quae
1064 825 1206 869 Heffimes
1225 825 1419 867 diceretur)
1443 828 1498 863 sed
1522 841 1591 864 non
1612 838 1725 864 tamen
1747 829 1782 863 in
1798 827 1973 864 omnibus.

299 883 492 933 Qiumque
511 896 575 932 pro
590 885 700 922 οἰκεῖΘ·
714 879 813 915 scribi
827 877 950 912 debeat
966 876 1104 918 oim62&,
1129 883 1246 908 tamen
1261 874 1298 908 &
1311 874 1395 910 illud
1411 877 1584 913 interdum
1600 879 1765 914 occurrit.
1793 878 1850 913 Sic
1865 878 1972 913 etiam

297 934 423 977 μανΊέιον
442 946 505 982 pro
520 930 651 978 μκνἹιίισν
669 941 675 947 ·
705 941 768 964 nec
785 927 892 962 solum
910 928 1050 973 ἀτρεκηΐη
1064 947 1076 967 ‚
1102 922 1156 957 sed
1174 922 1211 958 &
1231 925 1364 970 άτξεκίη·
1412 926 1529 974 Atque
1544 927 1629 962 adeo
1648 939 1697 971 ιν,
1715 938 1767 974 33.
1783 926 1972 970 ἀσφαλείης,

297 983 368 1016 non
385 985 581 1025 οἱσφοιληΐης,
606 979 745 1027 legitur.

348 1031 406 1066 Ad
420 1031 573 1067 vocalem
593 1045 601 1063 ι
617 1026 710 1076 quod
723 1022 998 1069 attinet,alicubi
1011 1033 1074 1057 nec
1091 1022 1127 1056 in
1140 1019 1208 1069 ipsa
1222 1019 1277 1056 lex
1287 1023 1418 1058 Ionicae
1433 1022 1567 1059 dialceti
1582 1023 1741 1061 servatur.
1768 1025 1865 1060 Nam
1880 1024 1973 1060 haud

299 1086 434 1116 tanturn
448 1083 524 1126 εἰμὲν
541 1079 593 1114 sed
609 1077 694 1122 ἐσμὲν
710 1086 848 1123 quoque
863 1073 954 1121 apud
970 1084 1051 1107 eum
1067 1071 1241 1105 habemus.
1290 1073 1344 1106 Ac
1364 1073 1466 1107 initio
1479 1073 1728 1120 Terpsichores
1748 1074 1974 1117 wundee&‚

298 1141 362 1175 pro
377 1132 594 1173 ωϋκλήσιῡι,
620 1137 658 1161 ut
673 1124 752 1160 alibi
768 1121 970 1163 κωᾶςαίσιςῷι.
996 1120 1069 1163 Ac,
1095 1131 1201 1166 quum
1218 1136 1226 1154 ι
1240 1120 1327 1168 saepe
1341 1120 1384 1156 ab
1398 1121 1539 1156 Ionibus
1553 1121 1733 1168 inseratur,
1746 1123 1853 1158 veluti
1866 1134 1974 1171 quum

298 1180 401 1219 wa&
415 1192 477 1227 pro
495 1178 589 1222 ξένΘ*
604 1176 731 1211 dicitur
745 1198 757 1217 ,
784 1174 818 1207 in
838 1171 996 1206 omnibus
1009 1179 1124 1204 tamen
1140 1167 1305 1216 ejusmodi
1320 1170 1496 1205 vocabulis
1516 1170 1549 1205 id
1569 1170 1696 1208 faetum
1719 1184 1790 1207 non
1805 1172 1973 1207 videmus.

298 1227 490 1275 ernque
502 1224 645 1261 viciflim
662 1225 697 1258 in
714 1221 830 1257 multis
847 1219 1046 1254 detrahatur
1061 1233 1069 1251 ι
1087 1244 1096 1256 ,
1123 1218 1230 1252 veluti
1247 1219 1282 1252 in
1297 1218 1471 1261 ἐῖᾎητνῖδεςῷ·
1498 1220 1601 1260 (item
1619 1222 1653 1255 in
1672 1222 1722 1257 ’ἔων
1734 1249 1742 1261 ,
1771 1222 1806 1256 in
1821 1221 1972 1267 ἑώθεζαν,

298 1287 401 1325 atque
417 1278 505 1318 aliis)
532 1286 647 1311 tamen
662 1274 697 1309 ὃς
715 1270 887 1310 δ”τητήδᾴῦύ
904 1269 1043 1316 legitur.
1069 1266 1116 1302 Et
1131 1266 1257 1302 alicubi
1272 1270 1352 1310 οἱνίᾴ,
1376 1268 1502 1303 alicubi
1517 1271 1594 1304 οὸνίεε
1611 1269 1749 1318 legitur.
1776 1270 1945 1305 vocalem
1957 1284 1970 1304 ο

296 1327 450 1374 plerique
466 1325 535 1360 loci
551 1324 678 1359 habent
692 1323 727 1356 in
746 1318 1006 1367 pronominibus
1026 1316 1094 1360 ἐμέο
1111 1314 1146 1349 &
1163 1315 1209 1351 σέο
1226 1341 1237 1359 ,
1263 1315 1315 1351 sed
1336 1317 1427 1352 illam
1456 1323 1570 1361 (tanta
1588 1318 1637 1352 est
1657 1317 1835 1367 scripturae
1848 1319 1971 1353 incon-

299 1376 436 1416 stantia)
463 1373 580 1409 eadem
595 1371 800 1419 pronomina
816 1379 886 1401 non
901 1367 1011 1400 minus
1025 1365 1221 1413 frequenter
1234 1375 1408 1411 coguntur
1425 1367 1631 1414 relinquere,
1646 1369 1717 1414 ejus
1732 1368 1849 1402 locum
1864 1379 1971 1402 occu-

297 1425 456 1473 pantibus
473 1427 547 1467 ἐμεῦ
561 1421 597 1455 &
613 1424 670 1454 σεῦ.
700 1416 905 1462 Eodemque
921 1414 1028 1449 modo
1040 1414 1213 1461 participii
1234 1414 1418 1459 ποιεόμενρι
1434 1416 1550 1450 locum
1563 1414 1652 1464 saepe
1669 1415 1687 1451 a
1702 1415 1893 1463 ποιώμενΘ-
1909 1428 1971 1452 oc-

297 1474 434 1520 cupari,
461 1471 623 1516 idemque
638 1469 671 1502 in
689 1466 760 1501 aliis
777 1463 973 1511 hujusmodi
990 1462 1196 1510 participiiS‚
1223 1463 1410 1508 quinetiam
1425 1464 1459 1498 in
1472 1463 1550 1511 ipfis
1563 1465 1695 1509 verbis,
1711 1464 1785 1500 fieri
1802 1465 1971 1502 videmus.

346 1521 486 1558 Vocalis
502 1535 517 1552 υ
530 1529 600 1554 non
614 1517 724 1550 minus
744 1512 848 1548 habet
861 1511 897 1546 &
913 1511 980 1559 ipsa
993 1509 1086 1558 quod
1101 1519 1273 1557 queratur.
1323 1510 1446 1555 Qiurn
1467 1513 1558 1546 enim
1579 1512 1726 1558 quodam
1741 1513 1799 1548 suo
1820 1515 1893 1559 jure
1910 1514 1971 1549 de-

296 1571 375 1607 beat
391 1582 472 1605 cuni
489 1566 599 1603 vocali
614 1580 647 1608 o,
674 1563 714 1600 ad
732 1561 948 1597 efficiendam
963 1558 1226 1607 diphthongum
1237 1582 1249 1602 ,
1275 1558 1483 1602 coalescere,
1509 1560 1544 1594 in
1562 1559 1728 1607 plerisque
1740 1557 1931 1607 vocabulis,
1949 1561 1969 1598 ἐ

296 1631 445 1668 quorum
461 1628 606 1653 numero
622 1615 671 1649 est
685 1612 782 1658 ἔνωμα
797 1623 861 1660 pro
878 1609 974 1655 δ’νομοι
985 1632 996 1652 ,
1022 1607 1132 1656 (quod
1152 1607 1244 1642 idem
1256 1607 1341 1656 juris
1358 1619 1439 1642 cum
1454 1609 1596 1655 όνομαίνω
1610 1609 1647 1644 &
1660 1610 1794 1657 ὀνομάζω
1811 1622 1970 1647 commu-

296 1671 424 1708 nicat:)
450 1679 493 1702 cn
506 1666 570 1701 tibi
584 1662 807 1699 nihilominus
822 1659 971 1708 ὀνομάζων
981 1683 993 1703 ,
1018 1667 1089 1692 non
1103 1657 1273 1704 ἑνομοίζων,
1299 1668 1325 1700 1,
1337 1668 1396 1703 44.

348 1719 432 1753 Nec
445 1716 569 1751 melior
580 1713 629 1749 est
644 1711 772 1749 vocalis
788 1726 809 1744 ω
819 1735 830 1754 ,
857 1722 959 1757 quarn
976 1707 1117 1743 aliarum
1130 1706 1306 1741 conditio:
1333 1718 1440 1754 quum
1456 1718 1529 1742 earn
1544 1706 1708 1743 exverbo
1722 1706 1836 1751 πλιιῖω,
1861 1705 1975 1754 super-

296 1768 435 1804 veniens
451 1781 463 1801 ε
477 1765 566 1812 saepe
581 1761 751 1811 expellat,
778 1769 818 1795 ut
832 1757 962 1794 dietum
978 1756 1043 1792 est:
1071 1768 1136 1791 nec
1154 1755 1210 1801 Zau}
1223 1755 1373 1803 (emper,
1399 1755 1452 1791 sed
1468 1756 1670 1805 plerumque
1686 1756 1753 1803 ζόη,
1769 1756 1947 1792 scribatur.

345 1817 386 1851 In
399 1816 521 1852 ultima
532 1813 644 1848 vocali
658 1812 800 1847 ultimus
819 1807 859 1844 fit
872 1818 968 1842 meus
981 1806 1051 1841 hoc
1067 1805 1110 1840 de
1122 1816 1248 1853 genere
1263 1804 1500 1841 inconstantiae
1514 1831 1526 1849 ,
1550 1818 1619 1853 qua
1633 1806 1725 1854 leges
1739 1805 1879 1841 Ionismi
1895 1806 1971 1840 vio-

295 1866 408 1902 lantur
417 1891 428 1910 ‚
456 1863 582 1898 sermo:
611 1859 760 1907 (alioqui
778 1858 868 1893 enim
877 1882 889 1901 ‚
916 1868 985 1904 quo
998 1854 1096 1903 plura
1110 1855 1153 1890 de
1167 1853 1224 1889 illa
1237 1854 1318 1889 dico
1328 1879 1340 1898 ,
1353 1865 1396 1888 eo
1412 1855 1508 1903 plura
1521 1854 1686 1903 super-effe
1699 1854 1842 1890 dicenda
1854 1853 1970 1896 video)

295 1915 406 1950 donec
428 1924 498 1948 non
516 1911 624 1946 solum
645 1910 704 1945 has
723 1906 886 1943 leetiones
905 1908 1054 1949 διφασίας
1074 1908 1135 1951 (ut
1151 1902 1327 1939 Herodoti
1342 1903 1515 1939 vocabulo
1530 1904 1626 1947 utar)
1652 1903 1805 1952 proferre
1818 1929 1830 1949 ,
1856 1903 1912 1940 sed
1927 1905 1972 1941 de

297 1965 336 1999 iis
345 1963 517 2013 judicium
531 1961 620 1995 ferre
635 1967 745 1995 vacet.

361 2059 452 2118 Ex
491 2074 809 2131 EJUSDEM
849 2073 905 2114 H.
943 2069 1298 2112 STEPHANI
1338 2066 1906 2111 PROLEGoMENrs

491 2139 570 2181 aliis
587 2140 716 2183 ibidem
730 2172 739 2187 ‚
771 2140 814 2183 de
833 2151 938 2196 opera
961 2137 982 2178 ἃ
996 2138 1040 2194 fi’
1058 2137 1219 2194 praestz'ta
1236 2138 1276 2177 in
1284 2135 1446 2191 ficunda
1467 2136 1617 2178 editione
1631 2165 1646 2186 ,
1672 2147 1783 2191 quam

882 2197 922 2236 in
937 2194 1057 2249 nostra
1063 2193 1218 2249 sequuti
1228 2192 1370 2248 sumus.

297 2293 415 2379 Ac
441 2293 592 2339 primum
607 2289 745 2338 quidem
760 2315 772 2333 ,
797 2289 840 2325 ad
854 2301 911 2324 eos
930 2288 1024 2337 quod
1048 2289 1172 2324 attinet
1195 2285 1316 2336 quibus
1334 2285 1403 2322 fine
1419 2287 1552 2323 cortice
1570 2295 1684 2322 natare
1704 2286 1739 2321 in
1752 2285 1965 2321 Graecorum

399 2342 604 2389 scriptorum
618 2339 766 2375 leetione
784 2338 902 2383 datur,
928 2338 964 2373 id
977 2337 1040 2379 est,
1070 2339 1129 2386 qui
1143 2336 1338 2386 interpretis
1351 2349 1510 2383 operam,
1537 2345 1697 2383 tanquam
1710 2338 1893 2380 xdgyyoeyi
1904 2344 1969 2367 cu*

291 2392 422 2441 jusdam
439 2417 451 2436 ‚
477 2402 547 2425 non
562 2389 739 2436 requirunt
753 2413 765 2432 ,
793 2389 966 2435 (quamvis
980 2386 1093 2421 multo
1106 2388 1282 2434 pauciores
1297 2387 1331 2421 in
1346 2385 1530 2420 Herodoto
1546 2385 1583 2420 ὃς
1598 2382 1809 2432 Thucydide
1824 2408 1836 2426 ,
1862 2393 1966 2429 quam

293 2442 385 2485 aliis,
412 2452 485 2475 eam
503 2451 572 2473 non
587 2438 758 2487 requirere
778 2447 901 2472 notum
919 2435 993 2471 satis
1012 2433 1070 2475 fit)
1096 2434 1151 2470 sed
1172 2437 1294 2470 ceteris
1311 2434 1352 2470 ad
1370 2434 1458 2468 hanc
1474 2433 1656 2469 le&ionem
1671 2430 1885 2468 adminiculis
1901 2429 1966 2465 esse

294 2490 453 2525 contenti
469 2487 621 2536 poss‘unt:
649 2499 720 2521 non
735 2497 788 2521 eas
804 2495 939 2522 tanturn
953 2497 1032 2533 quas
1049 2494 1146 2520 antea
1159 2484 1302 2520 diversas
1317 2482 1495 2530 scripturas
1522 2487 1581 2525 (ut
1596 2483 1714 2518 Gracci
1733 2479 1876 2527 διαφόςες
1889 2494 1966 2524 κα-

295 2538 357 2580 φοὶς
372 2538 567 2586 appellant)
594 2536 757 2580 exhibui,
783 2535 836 2571 scd
851 2545 1031 2570 numerum
1045 2545 1160 2569 earum
1177 2534 1274 2569 auxi:
1302 2532 1336 2566 &
1346 2530 1483 2566 censura
1494 2531 1664 2575 adhibita,
1691 2529 1847 2579 quasdam
1862 2538 1965 2563 exau·

293 2589 422 2624 tor-avi:
451 2599 520 2622 non
534 2596 649 2621 tamen
665 2586 713 2620 ita
728 2596 766 2620 ut
781 2584 996 2620 amandat-em
1011 2609 1022 2627 ,
1048 2582 1102 2617 sed
1119 2592 1252 2617 tantum
1269 2592 1307 2617 ut
1323 2581 1401 2615 loco
1413 2580 1472 2615 suo
1487 2582 1591 2615 motis
1604 2581 1706 2616 alium
1724 2580 1834 2614 minus
1851 2578 1963 2612 hono-

295 2636 434 2672 rificum
448 2637 576 2671 darem.
611 2635 667 2670 Ex
681 2633 752 2682 ipso
768 2634 859 2669 enim
875 2643 976 2668 textu
1002 2638 1063 2675 (ut
1077 2631 1182 2666 hodie
1195 2631 1298 2666 moris
1310 2629 1358 2665 est
1370 2630 1513 2669 vocare)
1541 2631 1577 2665 in
1591 2630 1782 2677 marginem
1797 2624 1962 2662 transtuli.

295 2685 362 2721 Sed
381 2685 537 2732 quasdam
553 2682 695 2719 vicissim
717 2684 846 2732 majore
863 2682 984 2730 dignas
1003 2682 1135 2716 honore
1151 2679 1302 2728 judicavi
1319 2704 1330 2722 ,
1356 2677 1502 2726 ideoque
1521 2691 1574 2714 eas
1593 2679 1675 2714 hinc
1697 2678 1778 2713 illuc
1796 2671 1961 2710 transtuli.

293 2735 371 2780 Jam
384 2745 467 2768 vero
484 2733 520 2768 &
535 2731 714 2780 plerosque
726 2733 822 2767 locos
837 2730 1035 2775 emendavi,
1062 2731 1120 2776 qui
1134 2729 1197 2765 tibi
1211 2728 1366 2763 facessere
1380 2727 1505 2775 alioqui
1523 2728 1704 2775 negotium
1719 2732 1874 2772 poterant
1888 2734 1896 2755 :
1924 2719 1962 2755 &2

295 2782 434 2830 quidem
449 2781 539 2817 haud
555 2794 674 2828 parum
695 2781 826 2829 negotii
845 2780 1012 2815 nonnulli.
1062 2778 1225 2825 Qiorum
1242 2777 1276 2811 in
1290 2787 1434 2810 numero
1451 2776 1499 2811 est
1518 2777 1575 2811 hic
1589 2777 1647 2824 qui
1666 2777 1701 2810 in
1719 2774 1870 2818 Euterpe
1885 2781 1962 2816 cap.

297 2842 356 2877 40.
372 2831 520 2877 legitur,
548 2830 628 2864 ὲπῖιιὶ
646 2829 868 2875 ωνηςόἱῖσωζι
885 2835 970 2876 τῇσι,
996 2833 1020 2880 {5
1040 2828 1121 2863 ὲπῖα)
1137 2825 1333 2868 κοιτόὕξωνῧ,
1357 2824 1451 2872 θῦυςι
1471 2826 1525 2861 ἦα)
1539 2828 1611 2867 βῶν.
1660 2824 1776 2867 Quem
1794 2820 1885 2855 enim
1904 2817 1962 2852 illa

295 2878 420 2914 vocula
435 2884 502 2924 τῇσι
519 2891 588 2913 non
606 2878 792 2926 torqueat?
818 2880 873 2913 cui
890 2890 1029 2913 crucem
1053 2889 1122 2911 non
1145 2875 1230 2923 figat
1247 2874 1260 2909 ?
1286 2873 1351 2908 Sed
1374 2873 1445 2907 esto
1461 2899 1473 2918 ,
1499 2872 1716 2909 verisimilem
1738 2869 1831 2917 poffe
1852 2866 1960 2903 videri

296 2928 384 2963 hanc
399 2926 671 2961 emendationem
684 2952 696 2970 ,
721 2927 813 2961 unde
826 2936 940 2961 tamen
955 2936 1087 2961 tantum
1101 2923 1324 2959 confidentia·
1343 2922 1472 2963 (dices)
1487 2933 1526 2958 ut
1540 2935 1592 2957 eas
1606 2919 1742 2955 voculas
1757 2923 1793 2965 τῇ
1811 2918 1856 2952 fei
1872 2928 1960 2951 mar-

295 2978 370 3024 gini
385 2987 454 3010 non
470 2974 695 3021 adscripseris,
720 2973 775 3009 sed
794 2973 872 3021 ipsis
887 2974 1061 3009 Herodoti
1078 2973 1190 3009 verbis
1202 2971 1343 3007 inserere
1355 2970 1438 3005 aulis
1451 2970 1578 3006 fueris?
1603 2968 1780 3013 Qoniam
1798 2966 1962 3001 Herodo-

296 3035 371 3060 tum
386 3037 428 3060 ex
444 3022 629 3058 Herodoto
651 3034 706 3056 me
723 3021 902 3057 emendare
915 3047 926 3065 ,
954 3023 1006 3057 vel
1033 3022 1079 3067 (si
1102 3022 1227 3062 mavis)
1254 3019 1476 3055 Herodotum
1492 3017 1623 3054 essesui
1644 3015 1747 3064 ipfius
1761 3015 1962 3050 emendato·

295 3086 387 3118 rem,
411 3072 583 3108 videbam.
635 3071 687 3105 Ita
699 3071 790 3105 enim
806 3070 861 3106 ille
875 3071 910 3106 in
925 3069 1159 3118 sequentibuS,
1184 3068 1302 3105 eadem
1317 3069 1353 3103 in
1370 3068 1678 3116 Musa,·12auca1·urn
1691 3065 1890 3113 paginarum
1911 3064 1962 3098 in-

1893 3122 1962 3148 ter-
