2112 3621
314 219 395 263 626

660 313 978 365 HENR.
1087 316 1667 370 STEPHANI

320 507 882 642 cTESIA
1021 423 1285 598 HDIES
1330 511 1411 596 T
1456 515 2001 606 oR1co

535 652 1184 737 ANTIQHSSIMO
1233 657 1786 740 DISQJISITIO.

480 866 484 878 1
645 847 650 852 .
675 833 696 856 υ
707 833 719 856 1
736 827 854 862 melius
864 851 876 871 ,
926 826 960 861 ui
976 827 1100 861 certius
1115 825 1157 861 de
1174 825 1273 861 rebus
1289 825 1428 862 Persicis
1443 825 1586 862 scribere
1601 827 1754 875 potuerit
1769 839 1870 876 quam
1887 828 1999 865 Ctesi-

448 906 455 918 N
493 889 516 909 ‘s
550 904 560 916 s
580 891 583 895 ·
613 872 636 927 ii)
665 891 717 924 as,
742 876 890 912 arbitror
902 837 998 911 puisse
1013 876 1197 910 neminem.
1223 875 1331 921 Qod
1347 887 1417 923 quo
1433 876 1540 926 magis
1554 876 1642 912 mihi
1657 876 1839 925 persuadeo
1854 877 2001 927 semper-

511 923 539 943 “
570 955 576 962 .
627 930 637 970 ξ
673 942 738 976 que
754 924 921 973 persuasi:
948 938 990 959 eo
1005 934 1098 959 certe
1122 925 1230 974 magis
1258 929 1316 969 (ut
1342 925 1450 960 homo
1468 925 1611 961 Perficae
1634 926 1784 962 historiae
1807 926 2000 964 studiofiffi-

530 1013 534 1018 f
569 1003 572 1010 .
622 975 635 1028 ὃ]
662 978 755 1021 mus)
782 975 927 1023 aliquam
943 976 1014 1023 ejus
1029 973 1233 1023 scriptorum
1250 984 1382 1022 partem
1399 975 1434 1009 in
1452 976 1614 1023 quopiam
1631 975 1854 1012 bibliothecae
1869 976 1999 1027 angulo

525 1030 559 1051 ’κ’
592 1041 641 1066 4
661 1025 809 1076 seperire
825 1024 918 1073 poss'e
933 1023 1086 1059 desidero
1101 1036 1140 1060 ac
1156 1021 1288 1071 semper
1302 1022 1498 1059 desideravi.
1524 1026 1621 1061 Nam
1639 1024 1711 1060 istae
1728 1038 1770 1061 ex
1786 1028 1859 1075 ejus
1867 1026 2000 1074 scriptis

577 1058 626 1089 fi
659 1076 791 1124 ὸκλογοὰ
806 1084 940 1110 tantum
956 1073 1047 1108 abest
1063 1083 1102 1108 ut
1124 1072 1290 1108 defiderio
1306 1085 1385 1108 meo
1407 1070 1609 1110 satisfaciant
1622 1099 1635 1119 ,
1662 1085 1702 1110 ut
1718 1073 1801 1110 illud
1816 1101 1828 1120 ‚
1853 1087 1924 1111 non
1940 1075 2000 1111 ali-

578 1123 591 1130 *
659 1136 711 1161 ter
720 1137 821 1174 quam
837 1135 881 1158 ex
900 1123 1008 1171 longo
1025 1121 1235 1158 contr-aetam
1268 1122 1356 1157 sitim
1374 1123 1529 1171 paucula:
1544 1135 1642 1172 aquae
1657 1132 1791 1172 guttae,
1817 1124 1930 1160 multo
1939 1136 2000 1160 ve-

315 1174 511 1211 hementius
527 1176 726 1211 accendant.
758 1175 812 1210 Ut
827 1182 943 1208 autem
961 1171 1087 1207 Ctefiae
1113 1181 1247 1207 tantum
1271 1171 1421 1207 tribuam
1446 1185 1526 1208 cum
1541 1173 1605 1208 alia
1621 1173 1729 1208 multa
1745 1173 1896 1218 faciunt,
1921 1182 1998 1210 tum

315 1235 398 1258 vero
417 1224 511 1272 quod
528 1225 624 1260 illum
645 1224 664 1259 a
687 1223 927 1271 Xenophonte
943 1220 1166 1257 laudatissimo
1190 1221 1335 1256 authore
1358 1220 1483 1256 laudari
1499 1222 1645 1258 videam.
1680 1222 1771 1257 Eum
1790 1224 1882 1258 enim
1899 1225 1998 1272 cujus

315 1273 413 1308 unius
428 1285 472 1308 ex
488 1274 648 1309 omnibus
665 1273 706 1308 ab
731 1273 790 1307 illo
814 1272 939 1307 citetur
961 1269 1197 1306 testimonium
1213 1293 1225 1315 ,
1249 1279 1290 1305 ut
1311 1270 1634 1318 locupletiffimum,
1659 1271 1785 1306 laudari
1809 1278 1904 1307 certe
1920 1297 1932 1316 ,
1960 1272 1998 1307 δεῖ

314 1321 647 1370 magnificentiffime
664 1322 801 1368 quidem
822 1347 834 1365 ,
861 1321 1079 1368 interpretor.
1112 1319 1217 1355 Unde
1234 1317 1276 1355 fit
1290 1320 1392 1354 etiam
1411 1344 1423 1364 ,
1448 1329 1489 1355 ut
1506 1320 1696 1355 Plutarcho
1714 1345 1726 1364 ,
1752 1320 1995 1356 modestiffimo

313 1370 440 1418 alioqui
457 1370 493 1404 ἃ
510 1369 768 1418 prudentissimo
784 1369 941 1417 scriptori
957 1394 968 1413 ,
995 1369 1204 1404 succenseam
1224 1382 1231 1403 ε
1258 1369 1317 1416 qui
1343 1368 1390 1403 ita
1407 1369 1507 1416 hujus
1522 1369 1676 1404 historici
1693 1381 1805 1404 mores
1823 1370 1996 1418 exagitat,

314 1428 353 1453 ut
370 1419 528 1454 omnibus
546 1419 657 1453 modis
674 1417 858 1465 suspectam
876 1416 974 1452 nobis
990 1419 1061 1465 ejus
1076 1417 1219 1452 reddere
1233 1417 1319 1452 velle
1343 1417 1499 1454 videatur
1516 1418 1632 1453 fidem.
1667 1418 1736 1453 Sed
1751 1431 1857 1466 quum
1872 1420 1941 1454 duo
1960 1421 1996 1454 in

313 1467 479 1502 historico
499 1467 733 1515 requirantur,
759 1466 796 1502 ἃ,
812 1466 904 1513 posse
923 1465 960 1500 ἓξ
974 1465 1062 1501 velle
1077 1465 1120 1500 de
1142 1465 1242 1501 rebus
1262 1479 1342 1501 vere
1356 1465 1499 1502 scribere
1519 1481 1526 1502 ε
1552 1469 1723 1515 primum,
1749 1480 1792 1502 an
1808 1467 1842 1502 id
1857 1467 1996 1516 praesta-

310 1527 348 1550 re
373 1516 549 1564 potuerit,
574 1515 748 1551 videamus
765 1529 772 1550 ε
800 1514 924 1550 deinde
937 1514 981 1549 de
998 1525 1040 1548 eo
1056 1540 1068 1558 ‚
1093 1526 1136 1548 an
1152 1514 1294 1549 voluisse
1309 1514 1492 1549 verisimile
1510 1510 1571 1559 fit,
1595 1515 1851 1563 disputabimus.
1884 1517 1934 1553 At
1953 1518 1993 1553 il*

310 1564 370 1600 lud
386 1564 440 1601 vel
456 1563 525 1613 ipse
541 1564 746 1600 Plutarchus
761 1563 864 1599 nobis
875 1562 1055 1599 testabitur
1071 1576 1080 1598 :
1107 1562 1143 1597 &
1159 1562 1297 1599 testatus
1312 1572 1383 1597 erat
1400 1571 1479 1598 ante
1493 1575 1574 1598 eum
1588 1563 1848 1609 laudatiffimus,
1872 1567 1924 1601 uti
1942 1566 1994 1602 di-

310 1615 369 1659 xi,
394 1613 539 1662 scriptor
556 1613 770 1663 Xenophon.
795 1612 1042 1661 Respondeant
1058 1612 1165 1662 igitur
1181 1625 1244 1661 pro
1261 1624 1317 1647 me
1335 1611 1458 1647 ambo:
1477 1610 1681 1661 Xenophon
1698 1613 1836 1660 quidem
1853 1614 1888 1649 in
1905 1614 1994 1649 libro

310 1663 391 1711 Κύςε
409 1663 592 1702 omasum
609 1665 723 1712 primo
741 1687 753 1708 ,
777 1663 830 1699 his
845 1662 957 1698 verbis
971 1687 984 1706 ,
1009 1661 1069 1697 ubi
1093 1669 1203 1698 narrat
1229 1662 1445 1697 vulneratum
1463 1660 1483 1696 a
1498 1661 1594 1711 Cyro
1611 1662 1838 1697 Artaxerxem
1856 1675 1994 1712 regem,

309 1714 381 1759 ejus
398 1712 538 1748 fratrem
556 1738 568 1758 9
594 1716 619 1762 »ᾗ
640 1714 714 1754 ποιλᾴ
732 1712 805 1748 nalo&
827 1711 862 1748 τό
880 1715 972 1759 ς-ἑρνον
993 1736 1005 1755 ,
1033 1726 1057 1760 >9
1077 1711 1211 1759 rllgw‘oud
1227 1712 1282 1746 ἇίοἰ
1303 1710 1324 1750 Ξ
1343 1712 1507 1756 θαῖξᾳκῷ·
1525 1739 1534 1751 ,
1561 1709 1600 1748 ὥς
1617 1718 1692 1757 φησι
1711 1715 1837 1751 Κτησίους
1854 1715 1868 1746 o‘
1884 1714 1998 1759 ἰατρός.

310 1756 336 1809 ᾖ
355 1762 431 1804 ῖοῖοῦὄ
448 1763 534 1799 αὑτᾶς
551 1762 584 1797 τὰ
601 1761 732 1808 τξριῦμοί
754 1770 836 1805 φησι.
862 1760 899 1797 δε
917 1761 1122 1810 paucissimis
1143 1760 1329 1809 interjeffis
1346 1760 1458 1796 verbis
1473 1786 1485 1805 ,
1512 1760 1615 1796 ὁπόσοι
1641 1759 1694 1806 etQ
1709 1764 1734 1795 ἓ
1753 1764 1839 1806 ἀμφὶ
1856 1764 1996 1803 fiammae

308 1812 475 1854 οὲπέθοωον,
505 1816 632 1852 Κτησίους
643 1815 733 1858 λὲγᾴ·
763 1815 832 1857 παρ’
848 1810 950 1857 ἂκεένῳ
970 1811 1003 1856 ᾧ
1020 1809 1071 1845 Ζαῖ.
1100 1809 1305 1845 Plutarchus
1321 1819 1436 1844 autem
1455 1810 1556 1845 initio
1574 1812 1744 1856 Α’ρτοξὲςξκ
1763 1811 1830 1856 (ita
1846 1812 1937 1846 enim
1953 1811 1994 1846 il-

310 1859 356 1894 lic
371 1861 589 1905 nominatur,
614 1860 904 1896 consentientibus
921 1860 1025 1895 etiam
1039 1856 1213 1896 veteribus
1229 1859 1499 1907 exemplaribus)
1518 1860 1594 1895 haec
1611 1858 1776 1903 scribens,
1794 1860 1898 1895 ω’)λοὶὲὲ
1909 1870 1993 1901 Κτη-

309 1912 374 1943 σίου]
387 1909 446 1945 cain
464 1910 535 1947 εἰκός
553 1913 609 1948 ἐςιν
627 1914 742 1956 οὲγνοεῖν
760 1911 875 1954 τένομοο
886 1908 908 1948 Ξ
925 1912 1083 1950 βασιλέως
1099 1907 1200 1955 παρ’ᾧ
1215 1912 1357 1950 ἕιὲτωιζε
1369 1936 1377 1948 ,
1405 1908 1593 1955 θεερεπόίῖων
1604 1909 1690 1944 αύτόν
1702 1907 1724 1945 (ἒ
1734 1911 1866 1954 γυναῖκα
1878 1907 1993 1956 &pnig-

311 1973 357 2002 696
378 1957 400 1995 Q
417 1961 542 1997 ποᾱδας.
594 1959 641 1994 Et
657 1960 783 2008 pagina
798 1959 886 1994 illius
902 1957 979 1994 libri
1005 1957 1150 1994 secunda
1166 1983 1178 2002 ,
1206 1963 1336 1998 Κτησίας
1355 1959 1374 2003 ’3
1392 1982 1403 2001 ‚
1428 1956 1456 1993 ἓν
1472 1960 1524 1994 §re
1542 1961 1658 2004 οἰγνοεῖν
1677 1959 1697 1991 ‘i‘-
1713 1958 1815 2004 χρόνον
1837 1958 1910 1995 εἰκός
1926 1962 1991 2000 iffa,

309 2006 437 2053 πικρόνᾶἶ
447 2013 513 2044 τοίῖς
522 2008 672 2054 πρρὲξεσιν
684 2032 695 2053 ,
704 2009 754 2044 {fre
773 2008 840 2043 ἑκαῖν
859 2011 960 2043 αἰτίαιν
976 2009 1058 2054 εἶχεν
1072 2010 1112 2043 &n
1128 2006 1150 2047 ξ
1166 2008 1257 2055 χρόνι’
1266 2008 1422 2054 μεἹοιςῆσοα
1435 2007 1467 2042 vd
1479 2008 1564 2056 ἕςγον
1575 2010 1610 2043 ὣς
1618 2006 1769 2053 ἐπςᾷχθη
1780 2006 1988 2053 διηγέμενΘ-

310 2055 367 2090 Ex
383 2057 434 2090 his
450 2057 558 2105 igitur
572 2070 679 2105 quum
696 2070 747 2092 res
763 2070 881 2092 omnes
897 2066 1092 2105 compertas
1107 2056 1363 2105 exploratasque
1379 2056 1530 2093 Ctefiam
1547 2056 1671 2093 habere
1687 2055 1852 2104 potuisse,
1878 2065 1987 2102 (prae-

311 2103 423 2138 sertim
439 2118 545 2152 quum
562 2106 776 2141 medicorum
792 2106 881 2154 apud
898 2118 994 2154 reges
1008 2105 1119 2140 multo
1142 2107 1253 2153 major
1274 2115 1357 2140 tunc
1382 2106 1548 2153 temporis
1572 2116 1674 2152 quarn
1691 2114 1783 2138 nunc
1798 2102 1988 2138 authoritas

309 2152 409 2193 effet)
437 2153 472 2187 ὅ(
489 2163 528 2188 ut
546 2153 588 2188 de
607 2155 792 2202 compertis
809 2164 910 2202 atque
924 2154 1108 2202 exploratis
1122 2165 1201 2189 vere
1224 2153 1367 2188 scribere
1392 2154 1538 2201 potuiss'e
1555 2153 1785 2200 intelligamus
1801 2164 1809 2185 :
1835 2163 1927 2186 nunc
1943 2164 1986 2187 an

310 2213 390 2237 eum
417 2205 431 2248 (
439 2211 477 2236 ut
495 2202 675 2246 φιλαλήθη,
700 2203 734 2238 id
751 2203 820 2247 est,
847 2205 996 2240 veritatis
1010 2203 1224 2244 anmtorem)
1250 2202 1285 2237 id
1308 2201 1574 2246 etiam.voluiss‘e
1595 2200 1773 2248 probabile
1787 2198 1848 2244 fit,
1873 2199 1985 2236 confi-

311 2249 477 2285 deremus.
506 2251 685 2286 Nimirum
702 2251 738 2286 &
753 2252 795 2286 de
811 2253 879 2287 hoc
894 2257 996 2290 οἱπλὲς
1013 2257 1027 2288 ὁ
1040 2255 1158 2299 λόγΘν.
1176 2252 1271 2287 Nam
1288 2250 1311 2285 fi
1328 2250 1466 2285 mentiri
1480 2247 1618 2285 volebat
1628 2247 1757 2283 Ctesias
1768 2261 1912 2296 ,nempe
1936 2248 1983 2284 as-

309 2297 506 2335 sentationis
523 2299 670 2335 studium
686 2300 721 2334 in
737 2301 844 2335 caussa
860 2302 954 2336 fuiffe
969 2302 1119 2337 dicamus
1134 2301 1263 2336 necesse
1283 2299 1342 2334 est..
1378 2300 1413 2334 Si
1428 2298 1607 2333 affentator
1624 2306 1695 2332 erat
1710 2321 1722 2342 ‚
1749 2305 1842 2333 certe
1856 2299 1984 2332 menti-

308 2347 420 2393 endo,
445 2350 517 2396 ejus
532 2349 666 2384 auribus
682 2348 702 2383 a
718 2361 787 2395 quo
804 2350 989 2397 plurimum
1006 2350 1183 2386 commodi
1199 2348 1400 2396 expectabat
1414 2373 1426 2392 ‚
1451 2347 1577 2395 aliquid
1592 2346 1670 2381 dare
1687 2372 1698 2390 ,
1722 2345 1859 2395 ejusque
1873 2346 1984 2381 ambi-

309 2397 586 2432 tionifilbscrvire
603 2397 665 2432 fibi
682 2398 897 2445 propositum
914 2399 1070 2434 habebat.
1098 2400 1208 2447 Aquo
1224 2408 1337 2433 autem
1354 2397 1449 2445 plura
1464 2408 1566 2444 quam
1584 2395 1603 2430 a
1618 2407 1699 2444 rege
1716 2395 1773 2430 suo
1788 2405 1846 2430 aut
1863 2394 1984 2443 aregis

307 2455 417 2481 matre
435 2446 564 2494 sperare
579 2459 657 2481 eum
674 2459 734 2494 par
748 2447 840 2482 erat?
868 2449 1026 2496 Superest
1050 2449 1156 2497 igitur
1181 2458 1219 2482 ut
1235 2446 1384 2482 Ctefiam
1400 2471 1412 2490 ,
1438 2445 1519 2491 dum
1537 2445 1722 2480 Artaxerxi
1744 2443 1779 2478 &
1797 2442 1982 2492 Parysatidi

307 2495 424 2530 statuit
434 2496 559 2530 adulari
570 2521 582 2540 9
593 2495 703 2530 falsam
719 2496 783 2530 illis
798 2497 931 2532 laudem
948 2499 983 2532 in
998 2498 1137 2533 historia
1151 2497 1204 2532 sua
1221 2496 1407 2544 plerunque
1421 2493 1584 2529 affinxiffe
1600 2493 1842 2528 existimemus.
1869 2493 1981 2541 Atqui

305 2554 441 2580 tantum
458 2544 548 2579 abest
567 2553 606 2580 ut
622 2545 679 2589 iis,
705 2557 744 2579 ac
754 2544 936 2592 Parysatidi
955 2546 1139 2594 pra-sertim
1150 2571 1160 2590 ‚
1187 2545 1296 2581 falsam
1313 2544 1444 2579 laudem
1461 2542 1652 2586 affinxerit,
1677 2552 1716 2577 ut
1733 2553 1847 2577 veram
1864 2542 1980 2590 potius

305 2594 503 2639 detraxisse,
529 2606 571 2629 ex
588 2595 625 2628 iis
642 2592 755 2641 paffim
771 2606 847 2642 quae
863 2594 905 2630 de
923 2607 961 2630 ea
977 2604 1228 2631 commemorat
1242 2620 1254 2639 ‚
1280 2593 1438 2628 omnibus
1455 2592 1561 2627 videri
1576 2590 1687 2639 possit.
1714 2591 1762 2626 Et
1776 2591 1818 2626 de
1835 2591 1886 2626 his
1901 2592 1977 2638 qui-

305 2644 383 2678 dem
394 2642 694 2692 italoqu01·‚quafi
702 2653 780 2678 ante
795 2643 932 2679 illorum
948 2643 1083 2680 obitum
1101 2644 1273 2679 historiam
1290 2642 1378 2677 suam
1395 2641 1531 2676 edidisse
1541 2640 1692 2675 Ctefiam
1710 2639 1852 2675 constet.
1881 2640 1977 2674 Nam

306 2691 330 2726 fi
347 2692 422 2739 post
438 2704 558 2727 eorum
577 2692 713 2728 obitum
730 2693 765 2727 in
782 2692 892 2728 lucem
909 2691 951 2729 ab
977 2706 1018 2729 eo
1046 2695 1213 2742 prolatam
1237 2691 1331 2726 fuiffe
1357 2690 1531 2725 credamus
1547 2712 1558 2734 9
1585 2688 1762 2738 quomodo
1779 2700 1857 2722 eum
1874 2687 1975 2734 hujus

303 2742 436 2788 culpae,
463 2742 534 2776 imo
551 2741 607 2777 vel
630 2740 732 2790 hujus
747 2740 940 2789 suspicionis
956 2743 1068 2778 dicere
1085 2743 1219 2779 affinem
1245 2740 1339 2774 fuisse
1355 2739 1551 2774 audebimus
1566 2739 1579 2773 ?
1607 2738 1716 2783 Qiod
1734 2746 1847 2771 autem
1866 2735 1907 2770 ad
1922 2747 1974 2770 res

304 2789 437 2824 Indicas
453 2792 576 2825 attinet
592 2816 604 2835 ,
630 2789 787 2838 profecto
806 2791 974 2827 mendacii
993 2792 1087 2827 illum
1105 2791 1219 2827 multis
1238 2790 1272 2824 in
1287 2789 1371 2823 locis
1389 2801 1491 2823 nemo
1508 2801 1581 2823 non
1597 2787 1695 2823 facile
1711 2784 1896 2832 suspeetum
1914 2783 1973 2818 ha-

301 2835 432 2873 buerit:
459 2838 513 2873 sed
532 2838 793 2888 quotusquisque
810 2840 857 2875 est
874 2842 932 2889 qui
948 2843 1153 2876 convincere
1168 2847 1267 2887 queat
1292 2837 1327 2872 ὃς
1343 2849 1528 2886 coarguere
1543 2834 1556 2871 ?
1582 2835 1710 2872 Nescio
1738 2831 1972 2881 (respondebit

299 2885 482 2934 qUisPissm)
514 2889 588 2934 quis
606 2900 647 2923 eo
664 2899 821 2936 tempore
839 2892 1009 2937 potuerit:
1036 2901 1070 2925 at
1087 2901 1175 2924 nunc
1193 2886 1327 2936 possunt
1343 2896 1547 2921 mercatores
1563 2884 1666 2920 nostri
1683 2883 1740 2930 qui
1756 2882 1836 2916 illuc
1854 2880 1888 2914 ὃ(
1908 2881 1969 2928 ipsi

300 2936 472 2982 navigant.
501 2937 578 2971 Ain'
595 2937 655 2971 tu?
672 2947 705 2972 at
722 2938 810 2972 unde
828 2940 980 2982 illis‚ut‚
992 2950 1097 2986 quum
1117 2937 1179 2972 sint
1196 2934 1412 2976 οἰναλφοέὲητοι
1423 2960 1433 2977 ,
1444 2935 1588 2983 ideoque
1599 2931 1732 2980 judicio
1748 2942 1789 2964 co
1805 2929 1898 2977 quod
1914 2930 1970 2965 lit-

298 2983 377 3020 teris
394 2982 430 3017 &
445 2983 599 3019 doeh-ina
615 2987 798 3031 quaeritur,
825 2990 966 3022 omnino
985 2998 1119 3023 careant
1138 3001 1144 3021 :
1173 2982 1346 3020 observare
1363 2983 1399 3019 ὅ(
1416 2983 1589 3019 observata
1604 2980 1674 3015 aliis
1688 2978 1803 3028 postca
1818 2990 1971 3012 comme-

299 3043 432 3068 morare
440 3031 557 3071 eadam
566 3045 643 3079 quae
653 3034 717 3067 viri
727 3033 818 3068 doCti
829 3061 839 3079 ,
851 3035 972 3083 poffint
983 3035 996 3068 ?
1008 3035 1066 3071 Ne
1075 3037 1178 3084 longe
1187 3033 1341 3069 abeamus
1350 3058 1361 3077 ,
1369 3033 1459 3068 unde
1469 3030 1601 3067 homini
1616 3029 1770 3064 omnium
1782 3027 1970 3062 litterarum

299 3079 387 3126 rudi,
395 3089 433 3117 ut
441 3080 527 3130 ligni
536 3080 658 3129 παςῆίζε
672 3080 754 3133 ἀίξζὶ
763 3092 914 3119 naturam
927 3085 970 3119 ita
980 3082 1299 3127 animadvertiss‘e‚&
1308 3079 1567 3120 animadversam
1576 3079 1621 3115 ita
1630 3087 1731 3128 queat
1740 3074 1924 3159 describerg
1932 3086 1971 3111 ut

1927 3136 1969 3159 OC
