2112 3621
286 205 374 248 ET
417 203 812 249 OBSERVAT.
852 202 934 245 IN
975 203 1358 247 HERODOT.
1402 205 1507 247 Lini
1549 206 1602 247 Π.

74 278 187 309 tamen
202 272 393 322 appositum
412 274 514 309 habet
531 273 582 308 ὅτε
601 275 639 307 δι’
655 271 721 307 αἴγλα
744 272 799 307 ἔτι.
842 271 922 306 Cae-

74 331 185 358 terum
201 321 283 358 illud
307 325 330 355 εἴ
344 337 376 356 τε
397 322 443 358 fic
458 322 558 356 semel
585 323 685 369 ponit
701 322 737 357 in
753 320 921 370 vestigan-

74 369 116 405 da
139 371 230 406 causa
254 371 328 414 rei,
352 370 394 405 de
416 383 482 420 qua
506 369 678 419 scripserat
704 370 923 419 simpliciter,

71 431 145 467 cap.
165 430 240 466 ης.

127 478 204 513 135,
217 479 267 516 33.
294 467 601 516 Φάςςῲεῇῗαύτημεςὲν
611 467 700 515 &c.]
713 468 767 503 Cl.
778 467 919 503 Brauw-

73 517 146 550 nius
161 516 220 551 lib.
232 529 252 551 ι.
267 529 372 564 cap.4
388 517 429 551 de
439 518 561 552 vestitu
578 517 755 552 sacerdotis
763 516 918 558 Hebraei,

73 577 177 612 quum
198 566 279 600 hine
301 565 486 614 collegisset
501 565 751 614 *Egyptiorum
769 564 917 600 sacerdo-

73 623 124 648 tes
149 613 185 648 &
201 614 302 662 pallio
320 614 432 650 vestiri
456 614 491 648 &
508 617 608 650 mitra
630 624 733 662 caput
749 623 866 663 tegere
884 612 918 647 &

72 662 192 698 oculos
207 663 317 698 velare
335 689 346 708 ,
373 664 614 711 interpretatur
628 664 752 698 Latine
770 679 782 705 3
808 664 847 699 V
842 665 920 697 elam

73 720 177 746 aulem
195 713 275 759 quod
288 725 345 746 uno
363 713 411 746 die
428 713 580 746 detexitur
596 737 608 756 ‚
625 711 797 758 sacerdotes
814 715 867 747 uni
883 714 921 747 il-

73 761 172 796 lorum
190 764 367 807 imponunt,
393 760 433 799 ἑξ
451 763 549 795 mitra
563 763 659 796 oculos
674 770 789 808 tegunt.

125 821 139 843 1
150 820 205 856 35,
214 813 270 856 46.
295 806 467 856 Δήμηῖξρι]
495 809 575 845 Hoc
590 810 677 859 elegi
694 836 705 854 ‚
731 810 768 846 ὃς
785 809 922 858 quidem

72 857 213 893 andtore
237 857 326 893 libro
340 857 542 894 Florentino
558 885 569 904 ‚
596 860 631 894 in
657 859 720 894 isto
737 859 924 907 ambiguo,

73 918 144 954 quo
174 906 298 942 ludunt
330 906 497 942 editiones
529 908 730 944 exhibentes
761 910 926 955 ΔήμηἹςρεν.

74 953 160 990 Nec
174 956 267 991 enim
291 968 397 1004 quum
420 955 597 1004 aliquoties
619 967 779 993 occurrat
801 957 926 1006 geniti-

75 1013 137 1039 vus
162 1005 324 1050 An'fin‘le&
339 1028 352 1047 ,
383 1003 426 1039 de
452 1014 572 1052 quarto
598 1006 673 1041 casu
698 1016 836 1055 oportet
866 1007 927 1042 du·

75 1051 188 1088 bitari.
238 1052 341 1089 Vidit
356 1053 392 1088 in
415 1052 478 1088 suis
503 1054 607 1091 MSS.
634 1068 770 1104 quoque
786 1056 928 1102 Stepha-

75 1112 151 1136 nus.

132 1161 211 1199 135,
226 1160 284 1197 47.
311 1151 462 1198 As'yiiir'hot
479 1155 531 1187 εἶσὶ
548 1152 702 1200 εἶπόνἾες.]
737 1151 931 1187 Ῑ-,οᾶίῖᾙιῃεῑ

78 1199 340 1248 interpositione
356 1201 507 1249 optimus
523 1201 604 1236 MS.
621 1205 673 1236 eie)
690 1209 714 1235 οῖ
728 1202 857 1237 εἰπόνῗες.

134 1253 212 1295 136,
227 1261 256 1293 3.
284 1249 351 1284 le*
368 1248 541 1289 ωὲλεῖλησιν
558 1249 578 1294 {J
594 1253 672 1295 αὐτῇ
688 1251 841 1297 wsebor]
852 1251 930 1285 No·

74 1305 115 1332 ta
131 1310 202 1332 vox
219 1297 255 1331 δί
270 1299 463 1346 propinqua
480 1298 606 1346 origini
622 1299 813 1348 participii,
840 1298 933 1347 quod

78 1346 208 1394 placuit
217 1347 332 1381 nostro
339 1347 516 1394 aliquoties
531 1349 748 1387 κατωληθὲνἾες.
758 1349 932 1383 Caeterum

80 1406 187 1443 quum
205 1395 329 1430 Portus
345 1396 378 1429 in
395 1396 529 1431 Lexico
555 1395 640 1431 nihil
666 1395 724 1431 hic
742 1396 803 1431 nisi
820 1397 933 1444 acqui—

80 1446 168 1478 escat
183 1468 194 1488 ,
219 1455 321 1492 atque
335 1445 419 1479 adeo
444 1445 566 1480 statuat
582 1445 802 1480 Herodotum
822 1446 869 1478 ita
885 1445 934 1479 lo·

81 1493 141 1541 qui
164 1492 207 1527 de
228 1493 408 1541 AEgyptiis
424 1518 436 1537 ‚
462 1493 570 1528 forfim
592 1493 683 1539 quasi
708 1494 853 1528 animam
879 1505 939 1540 per

82 1551 218 1576 tanturn
233 1541 330 1589 spatii
349 1542 449 1575 instar
465 1542 563 1587 porci
589 1541 813 1576 circumvolvi
830 1541 938 1576 credi-

82 1589 231 1629 dissent3
257 1589 306 1623 H.
326 1589 518 1636 Stephanus
535 1601 640 1636 quum
663 1590 806 1625 notasset
832 1591 936 1627 wsb&—

82 1641 142 1673 λὲω
159 1637 387 1685 circumplico
406 1662 418 1682 ,
444 1637 681 1673 circumvolvo
698 1664 710 1684 ,
737 1638 772 1673 ἃ*
790 1639 937 1679 ‘abesan-

84 1702 135 1734 μοι
157 1685 373 1721 involucrum
390 1710 403 1731 ,
428 1685 603 1735 subjungit
629 1685 848 1732 [Ueydnncar
873 1689 938 1723 cir-

85 1737 198 1771 cuitus
208 1760 220 1780 ‚
235 1733 328 1782 quasi
344 1734 436 1770 dicas
452 1736 719 1771 circumvolutio
735 1749 767 1772 v.
784 1735 834 1783 1.]
863 1737 940 1772 Ne-

84 1783 154 1819 scio
170 1796 213 1819 an
228 1783 319 1819 hunc
331 1783 506 1819 Herodoti
521 1784 636 1820 locum
653 1795 731 1820 ante
748 1791 866 1821 oculos
881 1786 940 1820 ha-

87 1832 201 1869 buerit
225 1833 281 1868 vel
303 1832 371 1882 ipse
388 1833 442 1869 vel
465 1833 526 1868 iste
547 1835 669 1870 veteris
690 1834 790 1870 lexici
812 1834 939 1870 auctor.

87 1882 156 1917 Sed
171 1882 240 1917 hoc
254 1881 322 1918 scio
338 1883 402 1917 effe
418 1882 609 1930 pertristem
626 1884 817 1931 durumque
834 1894 940 1919 meta-

86 1931 208 1979 phorae
234 1930 411 1967 transitum
437 1931 478 1967 ab
503 1930 608 1966 fasciis
633 1932 674 1967 ad
699 1945 803 1968 annos
819 1957 831 1977 ,
864 1942 938 1968 tan-

87 1991 190 2026 quam
216 1979 252 2015 &
277 1980 313 2015 hi
335 1989 470 2028 tempus
495 1981 757 2029 circumplicent
774 2007 786 2026 ,
809 1991 848 2016 ut
868 1981 940 2017 istae

87 2027 263 2064 infantem.
314 2029 422 2074 Quod
446 2029 470 2064 fi
496 2030 630 2078 grassari
656 2030 737 2065 licet
762 2030 941 2078 (grassatos

85 2077 180 2111 enim
197 2078 292 2113 fuisse
318 2077 458 2127 singulae
477 2079 531 2113 hae
550 2079 683 2127 paginae
710 2079 940 2121 manifestant)

85 2125 205 2175 potius
220 2126 392 2172 dicerem,
417 2136 457 2162 ut
474 2127 516 2162 ab
532 2128 668 2162 οἰνελίτΊω
684 2128 808 2162 evolvo
825 2128 872 2163 est
889 2132 940 2163 dv-

88 2177 182 2218 έλιξις
201 2175 356 2211 evolutio
375 2176 411 2211 &
427 2176 595 2211 volutatio
614 2193 624 2217 3
654 2176 699 2211 fic
718 2176 791 2211 fieri
815 2177 941 2225 potuis-

85 2222 119 2259 se
141 2223 182 2259 ab
201 2225 378 2261 wamma,
400 2237 524 2260 vocem
552 2226 737 2268 ruffinex'mgm,
752 2238 829 2272 quae
852 2226 941 2261 facili

87 2274 233 2322 negotio
251 2274 320 2308 huc
335 2273 530 2322 detorqueri
546 2276 709 2322 potuerit.
737 2274 802 2309 Sed
821 2274 855 2308 &
866 2275 940 2309 vul-

89 2333 169 2370 gata
184 2321 307 2367 lefifio,
333 2323 370 2358 &
385 2335 424 2357 ea
439 2335 516 2370 quae
533 2322 621 2358 dieta
640 2322 715 2357 sunt
731 2335 821 2357 mera
837 2323 939 2358 habe-

89 2371 120 2405 ri
134 2369 261 2405 debent
277 2370 404 2406 somnia
420 2396 432 2415 ,
458 2371 494 2406 &
511 2372 620 2406 omnis
638 2372 736 2419 hujus
753 2372 846 2407 vocis
862 2384 939 2421 gra-

90 2419 139 2454 tia
154 2419 195 2454 ab
209 2420 312 2455 unico
324 2420 486 2455 Mediceo
501 2420 621 2456 codice
637 2419 844 2468 expefmnda
860 2422 939 2466 suit,

90 2468 150 2515 qui
168 2466 237 2502 fine
261 2469 373 2504 nostra
390 2469 513 2504 hedera
535 2467 663 2504 rursum
689 2468 719 2504 se
738 2469 796 2504 hic
813 2471 941 2517 aperiet

90 2515 133 2551 ad
150 2518 484 2553 commendationem
499 2517 626 2566 linguae
643 2519 780 2553 Graecae
796 2517 832 2552 ἃ.
846 2520 939 2554 vocis

89 2577 170 2601 vere
185 2566 399 2602 Herodoteae
424 2568 716 2615 propagationem.
767 2568 823 2602 Ex
845 2580 887 2602 eo
904 2579 940 2601 e-

91 2615 164 2649 nim
180 2613 393 2650 scribendum
412 2616 491 2650 dico
509 2616 570 2650 τῖα)
588 2618 767 2662 πεϋήλυζιιν
784 2617 811 2662 3³.
864 2617 940 2651 Sei·-

91 2664 185 2700 vavit
201 2676 274 2698 eam
297 2663 408 2699 adhuc
424 2663 615 2712 Hesychius
632 2691 644 2710 ,
670 2666 728 2700 ubi
754 2667 940 2700 etiamnum

91 2712 180 2748 male
194 2712 305 2748 editur
321 2715 502 2759 πεφίληζις,
526 2726 700 2762 exponens
715 2715 875 2756 malos&-
891 2724 940 2749 et-

92 2761 160 2797 iam
176 2772 316 2797 notante
333 2762 507 2810 Stephano
522 2762 558 2797 &
575 2764 818 2812 interpretante
833 2766 941 2798 circui-

92 2819 163 2855 tus,
188 2810 244 2846 sed
260 2811 352 2860 quod
368 2812 470 2846 mirei·
492 2812 528 2846 in
547 2812 658 2847 indice
675 2822 808 2847 tantum
826 2812 941 2860 magni

92 2858 258 2895 Thesauri
276 2886 288 2905 ‚
320 2860 412 2894 velut
437 2872 559 2895 vocem
585 2862 751 2910 ignoratae
780 2862 942 2909 originis,

95 2920 200 2954 quum
216 2910 252 2944 in
267 2908 338 2958 ipso
356 2908 510 2944 thesauro
533 2909 574 2944 ab
589 2910 694 2946 verbo
712 2910 820 2945 ἑλᾰῖίθω
837 2909 941 2944 dedu-

94 2955 149 2991 &a
165 2956 285 2994 habeat
299 2958 456 2998 εἰσηλέσιον
472 2957 604 3004 (debuit
619 2959 787 3000 θὶσηλῦσιον)
805 2958 841 2993 ὅ(
852 2974 940 3005 προσ·

95 3005 194 3043 ἦλυσις
207 3007 413 3052 προσήλυἹΘα,
438 3007 570 3046 nardaus·
592 3007 629 3042 &
644 3009 828 3054 κωτῆλυζις,
846 3007 881 3042 &
900 3006 940 3041 si-

96 3053 204 3088 miles.
253 3055 325 3090 Cur
349 3068 418 3091 non
444 3055 562 3091 debuit
589 3057 655 3091 huc
673 3068 808 3105 quoque
825 3056 940 3091 referri

97 3102 277 3148 πεωῆλυζις
293 3102 306 3137 ?
326 3104 399 3148 Jam
414 3117 495 3140 vero
513 3105 577 3141 esse
604 3105 763 3141 sinceram
781 3103 940 3140 Herodo-

97 3159 185 3185 team
197 3163 266 3200 quo
281 3152 473 3189 testimonio
491 3154 694 3190 manifestius
708 3153 943 3198 declarabitur,

972 284 1071 318 quam
1088 273 1233 321 przefixo
1248 273 1453 309 editionibus
1475 272 1667 323 vulgaribus
1684 271 1820 307 Lexico

973 325 997 354 ἒ
1015 323 1187 368 Ηςοδόῖωῶν
1214 326 1321 364 λέξεων
1344 335 1386 357 cx
1413 323 1533 357 codice
1548 322 1628 358 MS.
1645 320 1821 363 Goldasti,

971 369 1006 402 in
1021 382 1090 417 quo
1111 371 1300 406 recensetur
1323 383 1459 418 quoque
1476 372 1688 418 primitivum
1707 370 1821 405 ΗἋυσιν

973 417 1012 469 ἅῖ
1026 419 1218 467 explicatur
1234 421 1338 459 ἔφοδον
1353 445 1364 464 ,
1389 420 1506 466 πορείαν
1521 419 1533 453 ?
1559 421 1652 454 Hinc
1670 420 1705 453 ὅ(
1720 421 1823 454 toties

971 470 1125 514 usurpata
1141 471 1285 513 ἑξήλυζζις.

1028 521 1103 561 136.
1117 527 1169 562 34.
1199 517 1283 551 o'n'ld
1300 516 1456 562 πλέθρῳ]
1491 516 1582 550 Hcec
1600 529 1704 562 quum
1721 518 1823 561 alios,

974 572 1048 596 tum
1059 564 1154 599 valde
1170 575 1396 599 exercuerunt
1411 564 1578 613 insignem
1588 566 1698 599 virum
1708 590 1719 608 2
1732 567 1825 600 Mar-

973 623 1053 646 cum
1063 613 1239 648 Velserum
1249 639 1260 657 ‚
1287 623 1325 648 ut
1340 613 1381 647 de
1397 615 1437 648 iis
1452 626 1531 648 cum
1546 613 1626 648 viris
1640 612 1748 648 doCtis
1764 626 1825 661 per

975 660 1321 708 epistolasidentidem
1333 663 1442 711 egerit
1451 672 1509 706 ‚ut
1523 674 1602 709 cum
1612 661 1731 709 Lipsio
1748 675 1826 710 pag.

977 708 1058 756 825,
1074 722 1152 745 cum
1171 710 1266 746 Rob.
1285 711 1387 746 Titio
1405 723 1483 760 pag.
1503 712 1582 757 859.
1618 710 1684 745 Sed
1701 710 1741 745 ad
1759 713 1830 759 pri·

976 770 1072 793 nium
1097 758 1142 794 fic
1164 760 1291 795 retulit.
1321 759 1479 806 [Primus
1497 760 1697 795 Herodotus
1720 761 1829 795 maxi-

978 819 1043 842 mae
1059 808 1225 857 pyramidi
1245 807 1325 844 oeto
1342 809 1475 857 plethra
1500 808 1619 843 tribuit
1638 822 1645 842 :
1672 808 1754 844 alius
1770 821 1829 843 eo-

978 868 1052 891 rum
1069 858 1127 905 qui
1143 857 1264 893 deinde
1281 870 1318 893 xi
1334 859 1536 905 sequuntur,
1563 859 1707 906 opinor,
1727 869 1829 893 Dccc

982 918 1134 952 Lxxxui,
1156 916 1215 942 aut
1236 917 1275 942 ut
1297 907 1434 955 quidam
1461 906 1595 942 codices
1611 905 1738 942 habent
1755 932 1767 950 ‚
1795 906 1831 941 &

982 966 1057 1002 quae
1084 968 1161 990 meo
1189 955 1279 991 sensu
1302 957 1409 991 sanior
1434 955 1536 991 leetio
1555 982 1566 1001 ‚
1600 967 1833 991 Decri-xxxin.

985 1004 1055 1038 Has
1077 1016 1161 1053 ergo
1185 1004 1362 1041 sententias
1389 1005 1537 1040 Plinium
1569 1007 1615 1040 ita
1646 1003 1835 1040 confudisse

981 1052 1158 1097 existimo,
1184 1064 1223 1089 ut
1238 1067 1339 1089 unam
1356 1054 1397 1089 ad
1413 1053 1554 1089 modum
1571 1065 1677 1097 areae,
1695 1053 1834 1089 alteram
1866 1069 1868 1075 ·

983 1100 1022 1133 ad
1041 1101 1149 1136 latei-is
1164 1102 1351 1138 mensuram
1368 1103 1525 1151 imperite
1543 1102 1724 1138 conferret.
1740 1102 1834 1138 Cum

986 1148 1184 1184 Herodotus
1199 1152 1339 1197 plethiis
1355 1163 1447 1186 certe
1462 1152 1546 1186 latus
1564 1150 1692 1185 mensus
1703 1151 1753 1186 sit.
1770 1152 1799 1187 F
1801 1165 1834 1187 a-

986 1196 1112 1231 miliare
1128 1208 1240 1233 autem
1258 1199 1391 1234 Latinis
1407 1225 1417 1242 ‚
1442 1201 1546 1234 etiam
1564 1200 1690 1247 optimi
1705 1199 1837 1245 saeculi‚

981 1247 1101 1294 jugera
1115 1271 1126 1289 ‚
1154 1248 1306 1295 quamvis
1321 1257 1419 1283 tanto
1437 1250 1565 1296 majora
1581 1273 1592 1291 ,
1618 1258 1681 1295 pro
1698 1249 1839 1295 plethris

986 1294 1134 1330 reddere.
1161 1296 1217 1331 bic
1231 1297 1322 1332 enim
1339 1297 1522 1332 Lucretius
1533 1321 1543 1340 ‚
1569 1295 1757 1344 Virgilius,
1773 1299 1839 1332 Ti-

986 1343 1096 1379 bullus
1111 1370 1123 1388 ,
1147 1345 1294 1380 Ovidius
1309 1370 1320 1390 ‚
1347 1346 1496 1394 Higinus
1512 1371 1524 1389 ,
1550 1357 1675 1380 novem
1688 1345 1789 1394 Tityi
1808 1359 1841 1379 :i-

987 1392 1056 1439 pud
1076 1394 1268 1428 Homerum
1296 1394 1430 1441 plethra
1445 1419 1457 1438 ‚
1483 1394 1627 1428 totidem
1649 1394 1770 1441 jugera
1789 1396 1840 1429 in-

988 1450 1226 1488 terpretantur.
1254 1442 1348 1476 Mela
1363 1454 1434 1477 rem
1451 1444 1589 1489 propius
1604 1443 1721 1489 attigit
1735 1456 1742 1477 :
1760 1445 1841 1478 [lsa-

988 1491 1074 1522 xlma
1085 1514 1096 1533 ,
1121 1498 1181 1524 tres
1198 1502 1326 1536 namque
1333 1490 1432 1537 firm,
1458 1489 1742 1536 qlmtuorfcresbli
1750 1493 1842 1539 juge-

990 1550 1027 1571 ra
1059 1538 1182 1584 uaftde
1199 1548 1321 1584 occupat
1339 1564 1350 1583 ,
1374 1540 1499 1574 totidem
1518 1541 1549 1573 in
1567 1539 1764 1574 altitudinem
1781 1544 1842 1575 eri-

985 1589 1082 1632 gitur.
1130 1587 1228 1622 Hero
1246 1588 1374 1636 quippe
1392 1587 1660 1623 Mathematicus
1684 1588 1753 1623 duo
1770 1589 1842 1637 ple-

991 1635 1067 1670 thra
1082 1648 1189 1671 unum
1201 1637 1363 1685 jugeium
1381 1636 1553 1672 conficere
1568 1635 1698 1684 scripsit
1712 1663 1724 1682 ‚
1750 1638 1843 1687 quod

991 1683 1027 1718 δί
1042 1684 1148 1732 ipsum
1166 1694 1281 1720 tamen
1296 1685 1442 1721 rotunde
1457 1686 1565 1733 magis
1580 1697 1681 1733 quam
1698 1699 1778 1722 vere
1793 1688 1843 1722 di-

990 1732 1112 1780 ffisum]
1140 1733 1213 1770 Ubi
1230 1733 1264 1768 id
1281 1735 1372 1783 quod
1394 1736 1517 1770 attinet
1536 1734 1576 1768 ad
1594 1736 1716 1781 :rarssiga
1737 1736 1773 1771 ὅ(
1793 1738 1844 1783 ju-

990 1794 1070 1830 gera
1084 1808 1095 1827 ‚
1122 1783 1250 1817 centies
1265 1785 1451 1831 repetitum
1469 1784 1502 1819 ὃ(
1521 1782 1731 1819 inculcatum
1748 1798 1754 1819 :
1782 1796 1843 1820 nu—

991 1843 1051 1878 per
1065 1840 1179 1866 tamcn
1204 1845 1340 1880 quoque
1357 1833 1392 1868 in
1416 1834 1505 1868 notis
1530 1831 1571 1867 ad
1591 1832 1841 1869 Callimachum

991 1892 1068 1928 pag.
1086 1892 1151 1927 252
1169 1880 1203 1915 id
1219 1881 1337 1916 debuit
1353 1883 1492 1930 reponi,
1518 1893 1598 1928 quas
1613 1891 1652 1916 ut
1675 1882 1731 1917 hic
1755 1895 1841 1930 quo-

993 1941 1058 1976 que
1072 1929 1183 1964 videas
1198 1939 1321 1978 quanta
1335 1943 1415 1966 cura
1431 1930 1494 1966 sint
1510 1930 1663 1978 scriptae,
1690 1940 1783 1979 patet
1800 1945 1842 1967 ex

991 1979 1153 2013 citatione
1169 1978 1234 2014 loci
1252 1979 1388 2014 Liviani
1405 1993 1440 2015 ne
1457 1982 1523 2026 quis
1534 1981 1604 2025 plus
1622 1982 1840 2027 quinquaginta

981 2025 1093 2073 jugera
1106 2028 1262 2072 poffidcat⁴
1313 2029 1360 2064 Et
1386 2030 1443 2064 hic
1466 2027 1533 2077 ipse
1557 2040 1715 2063 numerus
1736 2042 1843 2077 quum

992 2075 1035 2110 ab
1052 2076 1221 2126 Dionysio
1240 2077 1351 2113 Halic.
1368 2077 1536 2113 tribuatur
1553 2077 1729 2124 Capitolio
1753 2083 1844 2114 ἐκτα-

994 2126 1112 2172 πλὲθςῳ
1128 2127 1175 2165 τὴν
1191 2127 1350 2170 medicarier,
1368 2131 1530 2173 Quom'wv
1547 2129 1643 2161 ποδῶν
1660 2128 1779 2172 ’έγγιςοι
1794 2130 1843 2167 τήν

994 2175 1136 2220 πλώςρῖν
1152 2175 1243 2221 ’ἔχονῑι
1259 2175 1360 2215 ἐκοίςην
1371 2201 1381 2218 ,
1399 2175 1475 2210 ficri
1492 2176 1665 2223 nequivit,
1677 2177 1758 2222 quin
1777 2179 1842 2223 iam

994 2235 1130 2271 quoque
1145 2226 1328 2273 attingeret
1339 2225 1453 2271 Justus
1471 2225 1652 2271 Rycquius
1676 2225 1711 2258 in
1738 2221 1843 2274 Capi-

992 2272 1079 2307 tolio
1097 2273 1203 2309 Rom.
1221 2286 1294 2322 cap.
1312 2285 1374 2309 xii.
1412 2273 1479 2309 Sed
1497 2273 1532 2307 &3
1549 2272 1589 2307 Is.
1607 2271 1742 2309 Vossius
1758 2275 1842 2309 taei-

992 2330 1066 2356 tum
1083 2321 1168 2357 ferre
1193 2323 1368 2370 nequivit,
1392 2334 1496 2370 quum
1520 2322 1635 2356 locum
1656 2322 1760 2357 Melae
1784 2322 1842 2358 sub

991 2383 1128 2406 manum
1144 2371 1284 2407 haberet
1298 2371 1357 2407 lib.
1378 2383 1391 2406 1
1414 2383 1486 2419 cap.
1498 2383 1533 2414 9,
1550 2370 1610 2405 etsi
1627 2383 1704 2405 eum
1721 2371 1842 2407 tratsta-

989 2420 1077 2454 verit
1091 2419 1239 2468 pessime.
1292 2421 1389 2455 Nam
1411 2429 1450 2454 ut
1476 2418 1699 2454 monstrosum
1716 2420 1842 2468 aliquid

993 2478 1124 2517 pareret
1140 2494 1151 2513 ‚
1179 2468 1246 2517 ipse
1267 2469 1359 2517 prius
1380 2467 1412 2502 se
1430 2467 1513 2503 fecit
1530 2467 1716 2503 monstrum
1736 2485 1747 2511 3
1774 2471 1843 2517 pri-

992 2530 1072 2561 mo,
1095 2517 1177 2552 dum
1195 2517 1314 2553 liberat
1324 2517 1452 2552 Melam
1471 2516 1512 2552 ab
1529 2517 1718 2552 imitatione
1729 2518 1842 2553 Hero-

993 2566 1093 2611 doti,
1119 2566 1212 2614 quod
1229 2566 1312 2601 facit
1337 2565 1494 2614 semper3
1519 2565 1664 2600 secundo
1681 2591 1692 2610 ‚
1718 2579 1842 2616 augens

993 2616 1028 2650 in
1044 2615 1217 2651 infinitum
1233 2615 1503 2664 magnitudinem
1520 2613 1615 2662 spatii
1629 2631 1639 2656 -,
1667 2615 1703 2649 &
1720 2618 1840 2657 tertio,

993 2675 1033 2700 ut
1049 2665 1083 2699 id
1099 2664 1273 2709 obtineat,
1290 2664 1413 2700 audens
1427 2665 1462 2699 in
1480 2663 1655 2711 publicum
1672 2664 1767 2699 fateri
1778 2665 1840 2709 ‚se‚

994 2727 1100 2762 quum
1118 2724 1160 2748 ex
1176 2715 1316 2762 optimis
1333 2713 1436 2749 MSS.
1457 2712 1526 2748 illic
1549 2713 1715 2759 proferret
1730 2714 1841 2760 jugera

994 2775 1060 2809 quae
1077 2763 1143 2797 cede
1158 2771 1280 2808 occupat
1296 2787 1308 2807 ‚
1333 2774 1398 2807 quae
1406 2761 1480 2809 fide
1497 2771 1619 2807 occupat
1638 2787 1649 2801 ,
1674 2775 1739 2808 φα»
1756 2765 1841 2797 [calis

994 2819 1115 2857 occupat
1132 2836 1143 2855 ,
1175 2815 1274 2860 (quas
1296 2812 1437 2846 omnino
1460 2810 1528 2845 scio
1553 2812 1617 2845 csse
1639 2811 1674 2846 ἃ
1697 2812 1840 2847 aliorum

995 2860 1207 2896 MSStorum
1230 2859 1412 2903 leffiones)
1439 2869 1557 2907 putare
1583 2859 1741 2908 scripsisse
1764 2862 1840 2895 Mc*

993 2909 1060 2945 lam
1084 2922 1196 2956 quoquc
1220 2912 1314 2945 latere
1338 2917 1469 2954 occupat.
1520 2910 1612 2955 Quae
1637 2910 1781 2944 mutatio
1805 2910 1839 2943 in

994 2971 1060 3006 qua
1074 2968 1169 3007 parte
1187 2960 1335 3007 antiquae
1360 2958 1512 2993 leffionis
1537 2958 1685 3005 conspici
1709 2957 1841 3004 potest?

993 3008 1059 3044 Sed
1076 3007 1202 3056 liquide
1219 3007 1293 3043 satis
1310 3017 1404 3055 patet
1426 3006 1623 3056 scripturam
1645 3007 1748 3040 Mclae
1766 3005 1841 3040 fuis-

994 3056 1025 3092 se
1048 3065 1178 3103 quatuor
1195 3057 1266 3103 fere
1283 3057 1345 3103 soli
1369 3057 1481 3103 jugera
1506 3068 1591 3102 aequa
1615 3054 1687 3100 sede
1710 3065 1841 3100 occupat.

994 3106 1146 3153 AEquam
1171 3107 1262 3141 enim
1284 3105 1393 3141 sedem
1419 3106 1452 3139 in
1483 3102 1711 3152 pyramidibus
1727 3128 1738 3145 ‚
1765 3117 1842 3152 qua?

996 3155 1185 3190 statuuntur
1208 3155 1379 3198 ἰσίπλώροα
1404 3181 1412 3193 ,
1449 3153 1608 3199 intelligit
1633 3150 1674 3186 ab
1700 3164 1845 3199 quatuor

1339 3199 1343 3200 ⁷
1364 3202 1515 3237 Vvvx-x:
1546 3212 1558 3244 3
1762 3215 1841 3249 pro-
