2112 3621
257 193 344 236 974

259 246 346 294 ipsos
364 248 458 282 »πίλες
480 243 596 291 τιοίςρες
623 255 654 290 3,
676 255 728 278 12.
762 243 852 279 Mox
870 255 1006 292 quoque
1023 243 1113 278 idem
1137 254 1142 326 Ι

260 294 365 330 offert
380 297 565 340 Αῐμνςγίες,
591 305 661 327 non
683 295 848 338 Α’μυργίες.

311 352 459 388 4o4‚25.
488 348 527 376 οἱ
545 339 712 388 firmam]
739 341 897 376 Omnino
913 339 1115 376 mutandum

266 403 344 426 cum
365 390 444 425 MS.
462 396 487 425 οἱ
502 392 534 434 ᾧ
549 394 665 436 Πέρσαι.

310 450 395 485 404,
407 451 461 483 29.
488 438 554 474 Ε”πι
570 439 587 485 ⁴3
604 442 733 485 meing&
750 436 821 485 lul]
852 437 930 473 MS.
946 440 1074 486 σίδηρον.

308 499 392 534 404,
409 498 462 536 31.
490 487 723 535 Φαρναζάθρῃ]
759 488 837 522 MS.
856 489 1051 536 φαξνοιζεὶθῃ.
1080 486 1116 522 &
1139 499 1140 502 ’

263 547 346 570 mox
363 539 494 583 σισύρνας
508 547 608 584 atque
624 537 726 572 etiarn
744 536 946 584 σισυρνοφόροι
962 562 974 581 ,
1002 537 1115 584 perin-

272 584 314 620 de
334 594 372 620 ut
388 597 514 631 42109.

312 645 397 680 404,
412 646 469 680 49.
497 632 661 680 Α’τραᾶνἹην
680 634 700 667 ³}
717 634 926 681 Γτςοιμίτεω.]
963 634 1051 668 Non
1069 633 1116 667 est

265 682 437 717 Persicum
457 708 469 727 ‚
495 682 531 717 &
549 682 712 717 duntaxat
730 682 819 718 foret
838 686 1016 729 Γτοιμίτςεω.
1050 681 1116 717 Sed

266 732 398 778 OPtime
413 732 564 779 optimus
581 731 660 766 MS.
681 731 834 778 A'grdmim
850 733 870 765 ’ἳ-
888 731 1082 778 remmia-geu.

313 790 438 825 4o5‚4.
467 783 502 814 0‘
523 779 679 826 Os'GoiCz]
716 779 822 825 Qafi
840 780 943 815 vellet
959 788 1116 814 accurate

265 829 536 877 appropinquare
551 827 592 864 ad
611 827 739 876 OiCoo‘gx.
774 828 840 865 Sed
859 828 1019 877 praeclare
1036 829 1115 862 MS.

266 879 285 913 ὅ
302 879 452 925 Οὶοξοέζε.

315 936 441 972 405‚7.
466 926 594 964 ΛεονἹὲως
611 926 807 973 οἰνωμένοι]
828 927 943 961 Bonus
954 924 1117 960 AEmilius

264 974 391 1010 Portus
405 976 506 1010 etiam
523 975 625 1011 docet
641 975 880 1010 formationem
898 975 997 1021 hujus
1013 974 1117 1021 parti-

266 1023 360 1070 cipii.
411 1023 478 1058 Sed
500 1023 618 1058 reliCto
645 1036 686 1058 eo
703 1023 844 1058 exhibet
869 1023 1020 1070 optimus
1038 1021 1116 1057 MS.

265 1074 437 1116 ἐναμμένοι.
487 1071 596 1113 Quod
618 1071 676 1106 ubi
699 1084 768 1107 non
790 1070 988 1119 usurpatur?
1014 1079 1047 1106 at
1062 1070 1116 1104 cui

270 1119 400 1168 placuit
416 1120 504 1155 istud
519 1119 708 1166 οὲνοιμμὲνοιῗ

317 1179 402 1215 405,
423 1180 475 1203 10.
509 1173 684 1215 Καλαμίνες
705 1169 786 1209 ᾰΐςὲς
808 1168 962 1216 panesa]
996 1166 1118 1204 SanCta

269 1215 313 1253 fit
337 1218 500 1252 memoria
519 1218 716 1253 Academiae
739 1216 957 1253 Cadomenfis
971 1242 984 1262 ,
1017 1229 1116 1264 quam

269 1267 338 1301 hoe
354 1266 433 1301 loco
449 1266 596 1301 ostendit
612 1266 711 1301 Nob.
729 1265 1031 1303 Grentemesnilius
1054 1264 1116 1300 sus—

270 1314 402 1350 tinuisse
435 1316 537 1349 etiam
573 1314 686 1350 Musas
727 1314 900 1350 Herodoti
932 1314 1089 1362 adjuvare
1109 1313 1115 1348 l

270 1362 403 1411 prorsus
425 1364 562 1412 egregie
578 1389 590 1407 ,
617 1363 641 1398 fi
657 1364 781 1398 eximia
802 1363 856 1397 illa
880 1364 1016 1412 ingenia
1039 1374 1117 1410 pro-

271 1411 448 1459 spexiss'ent
464 1437 476 1456 ,
503 1422 542 1447 ut
566 1411 783 1446 Herodotum
808 1412 989 1446 t1·a6tarent
1005 1436 1016 1454 ,
1049 1423 1118 1445 non

272 1459 404 1507 qualem
422 1459 462 1494 ad
479 1460 512 1494 id
529 1459 630 1506 usque
646 1469 781 1506 tempus
796 1461 870 1507 typi
895 1459 1045 1507 plumbei
1061 1458 1118 1493 de-

273 1509 391 1543 derant
406 1532 418 1550 ‚
442 1506 497 1541 sed
520 1517 623 1555 prout
645 1507 767 1542 latebat
790 1509 826 1542 in
848 1509 994 1556 antiquis
1012 1519 1119 1542 mem-

273 1556 394 1592 branis.
436 1555 475 1589 Id
491 1555 583 1603 quod
597 1555 715 1591 debuit
730 1556 772 1591 ab
787 1557 833 1591 eis
848 1556 921 1591 fieri
939 1581 952 1601 ,
978 1556 1055 1605 quia
1072 1557 1120 1590 ci-

273 1613 344 1640 tare
361 1604 485 1639 audent
501 1604 536 1639 &
551 1604 654 1640 libros
677 1603 786 1640 editos
802 1605 838 1639 &
854 1605 989 1640 codices
1005 1616 1122 1639 omnes

272 1664 459 1701 eorumque
482 1651 677 1688 consensum
701 1653 852 1702 proferre
869 1679 881 1698 ,
906 1666 1012 1703 quum
1037 1653 1123 1688 nihil

272 1702 316 1736 de
332 1714 373 1737 eo
396 1701 637 1749 inquifiviss'ent
659 1712 717 1737 aut
741 1703 872 1738 scirent.
924 1704 1020 1738 Nam
1038 1702 1124 1738 sicut

274 1762 351 1798 quae
367 1750 527 1785 differunt
546 1750 588 1785 de
603 1763 682 1786 arcu
696 1751 966 1800 tenso,speciem
982 1751 1122 1793 habent;

274 1801 320 1835 ita
343 1799 425 1834 dum
451 1798 572 1834 nolunt
594 1800 630 1834 in
645 1800 827 1836 Herodoto
850 1801 1029 1849 agnoscere
1045 1801 1125 1838 ὄϊς-ἐς

275 1848 401 1896 praesc,
417 1846 470 1883 sed
487 1858 619 1883 tantum
637 1851 799 1896 βραχέας,
824 1850 1010 1885 monstrant
1027 1850 1057 1884 se
1073 1851 1123 1884 in-

275 1897 398 1933 cass'um
423 1907 611 1945 captatores
626 1910 751 1933 vocum
770 1898 945 1934 inidoneos
967 1898 1003 1933 δέ
1021 1899 1122 1934 Grae-

276 1958 327 1981 cae
337 1945 498 1981 libertatis
512 1946 656 1994 ignaros.
681 1946 779 1990 Quid
796 1947 909 1982 enim?
919 1960 1023 1996 quum
1034 1948 1123 1982 Dio-

275 1994 376 2030 dorus
386 1994 517 2029 Siculus
531 2007 585 2040 14,
596 1994 637 2030 28
649 1995 739 2030 dicat
755 2006 829 2030 tum
847 1999 926 2039 βέλη
943 1998 1034 2044 μείζω
1046 1999 1122 2031 δυοῖν

276 2048 382 2089 πηχῶν
393 2052 486 2086 ,tum
504 2043 613 2078 statim
630 2044 754 2079 ibidem
770 2044 828 2079 ἕτω
846 2045 998 2091 μεγάλοις
1014 2050 1122 2092 κεχρῆ-

279 2096 341 2128 σθαι
360 2096 441 2129 dis-ors
457 2116 468 2134 ,
495 2091 530 2126 &
546 2092 592 2126 ita
611 2092 666 2127 ille
681 2092 808 2141 saepius.
834 2093 1003 2141 Equidem
1019 2107 1124 2141 quum

277 2140 325 2175 ita
341 2140 446 2188 vulgo
463 2140 597 2187 loquuti
612 2140 737 2177 fuerint
750 2141 867 2176 Graeci
878 2168 890 2186 ‚
914 2155 1124 2190 nequaquam

279 2187 472 2237 hujusmodi
497 2189 744 2224 cavillationem
777 2190 818 2225 ab
851 2191 915 2225 illis
938 2191 1123 2239 expectavi.

278 2238 502 2284 Quantopere
524 2247 636 2273 autem
663 2239 781 2287 nugati
806 2238 881 2275 sunt
897 2239 938 2274 de
961 2252 1041 2275 arcu
1056 2252 1126 2275 ma-

278 2297 350 2335 gno
373 2286 427 2321 vel
451 2286 641 2334 praegrandi
658 2311 670 2330 ,
696 2299 800 2334 quum
821 2288 1021 2324 Herodotus
1037 2289 1127 2324 dicat

279 2334 355 2377 τάξω
368 2335 492 2380 μακρᾷ.
544 2335 614 2369 Hic
636 2336 727 2369 enim
752 2336 922 2371 mordicus
942 2337 1128 2373 debuerant

279 2382 450 2418 adhaerere
473 2383 526 2418 isti
551 2382 791 2431 significationi
808 2410 819 2428 ‚
846 2398 923 2432 quae
940 2386 1127 2434 longitudi-

279 2444 359 2467 nem
375 2431 545 2476 denotat,'
561 2433 619 2467 ubi
632 2433 901 2480 Agatharchides
917 2434 1051 2483 usurpat
1067 2448 1127 2469 vo-

280 2491 354 2515 cem
370 2485 470 2526 μὲγοις
485 2506 497 2525 ,
523 2479 576 2515 sed
593 2481 715 2515 eodem
732 2483 862 2529 prorsus
879 2482 989 2526 sensu,
1008 2482 1043 2517 ὅ(
1060 2483 1126 2518 hoc

279 2532 367 2574 μέγα·
390 2530 444 2563 vel
469 2530 581 2576 μακξὸν
608 2529 689 2572 ‘rigor
715 2531 883 2579 imaginor
915 2532 1001 2566 mihi
1033 2531 1127 2567 fuiffe

282 2577 346 2612 hac
368 2587 426 2612 aut
453 2577 552 2613 simili
575 2577 683 2613 forma
704 2589 762 2614 aut
786 2593 857 2617 non
873 2580 983 2616 multo
1000 2582 1128 2629 majore

565 2727 588 2753 iil!
594 2692 864 2757 111innnnmimlllll[lilinumunimur...

283 2782 460 2807 euwatura
478 2773 654 2809 inflexum.
697 2777 814 2825 ltaque
830 2775 919 2812 reete
932 2776 1038 2822 μικρὲς
1054 2800 1066 2819 ‚
1093 2775 1129 2810 &2

284 2818 329 2853 fic
347 2819 518 2855 castiffima
534 2821 590 2856 illa
607 2823 765 2860 Medicea
779 2825 972 2860 membrana
986 2825 1080 2873 legit.

330 2879 413 2921 405,
436 2881 488 2909 ι7.
516 2872 695 2918 Α’ρσοὶμης.]
733 2873 966 2920 Μ8,Ἀ’ςσοίνης
981 2900 990 2914 ,
1017 2883 1056 2908 ut
1071 2872 1128 2907 de-

283 2916 360 2950 beat
376 2916 410 2950 id
427 2915 477 2950 bis
495 2919 629 2953 mutari.

333 2975 415 3010 405,
429 2974 484 3009 30.
511 2966 562 3003 Καὶ
577 2972 642 3013 τῇσι
658 2970 816 3018 menfica]
836 2970 911 3004 MS·
931 2973 954 3018 r}
973 2976 1010 3018 τῇ
1025 2974 1130 3016 >amfi-

284 3013 452 3061 Egregie:
480 3025 556 3048 nam
572 3014 613 3049 de
628 3018 761 3053 auribus
777 3018 928 3066 loquitur
942 3021 977 3052 in
992 3018 1131 3065 plurali,

286 3063 362 3106 quia
389 3060 524 3109 lingulis
548 3063 749 3116 innpellibus
763 3066 853 3102 bina:
876 3065 1133 3115 spectabantur,

285 3107 339 3144 secl
359 3121 424 3145 una
444 3119 574 3146 tantum
589 3112 681 3158 juba.
758 3155 769 3180 a

588 175 1331 233 JAe.GR0Nov11
1400 174 1679 217 NoTAE

1216 254 1299 289 405,
1314 247 1365 286 36.
1392 242 1580 290 Moeffoa'yylw
1601 244 1621 277 22-
1637 242 1792 290 Αὀόζε]
1830 241 1910 278 MS.
1926 251 2020 278 Μοισ-

1167 293 1275 338 cdylw
1295 294 1315 325 ‘i‘
1335 292 1477 340 O'oeqst‘Cx.

1213 350 1363 386 405345.
1392 344 1427 375 0‘
1446 339 1647 387 Μεγασίδκ]
1677 340 1756 375 MS.
1774 342 1787 374 δ
1804 341 1994 385 aleym-[dlix.

1211 393 1360 434 405,46.
1388 389 1558 437 Γωςρόης]
1587 389 1676 425 Non
1695 389 1793 436 potui
1811 401 1881 424 non
1899 389 1935 423 in
1950 389 2018 423 hoc

1169 438 1307 471 nomine
1323 446 1392 472 tam
1410 438 1496 473 bene
1513 448 1621 483 noto,
1647 447 1717 472 tam
1734 436 1821 486 saepe
1836 448 2018 472 occurren.-

1170 495 1223 528 te,
1237 484 1358 520 dubius
1375 486 1523 531 haerere,
1538 497 1654 522 utrum
1669 485 1864 521 accederem
1881 485 1921 521 ad
1939 486 2019 521 MS.

1171 533 1369 569 Mediceum
1391 535 1436 569 ita
1453 535 1488 569 in
1511 535 1680 582 principio
1699 535 1958 570 detruncantem
1982 546 2018 568 e-

1165 584 1220 630 jus
1235 583 1344 618 literas
1362 608 1373 625 ‚
1399 596 1441 618 an
1457 583 1598 632 vulgato
1620 583 1832 618 inhaererem.
1883 583 1949 619 Sed
1974 594 2019 618 ex

1171 632 1317 667 formato
1337 631 1435 667 semel
1456 631 1598 667 consilio
1615 631 1692 666 dedi
1716 641 1850 666 tantum
1875 632 2018 666 ‘vetustae

1172 679 1307 716 leetioni
1323 706 1335 725 ‚
1360 691 1398 716 ut
1415 680 1528 728 Bryan
1550 680 1645 716 fuiffe
1660 681 1816 729 opinarer
1833 705 1845 724 ,
1870 679 1906 715 &
1921 680 1966 716 fic
1982 692 2018 715 e-

1169 728 1239 764 didi
1255 742 1297 765 ex
1317 730 1391 764 Ms.
1410 729 1505 776 Βςύης.

1216 784 1300 824 406,
1315 789 1342 812 1.
1370 779 1530 814 Ε’καλὲονἹο
1540 777 1685 825 Βρίγες]
1715 777 1927 825 Μ8.Φρ]’γες.
1943 787 2018 814 tan-

1170 838 1269 872 quam
1286 839 1355 861 non
1371 827 1404 861 in
1421 828 1529 874 prima
1543 826 1638 862 litera
1654 826 1843 862 constiterit
1859 829 2018 872 mutatio,

1169 873 1252 908 adeo
1268 875 1502 921 multipliciter
1517 878 1551 911 in
1567 876 1655 909 notis
1674 874 1788 922 paffim
1808 875 1938 924 scriptis
1953 877 2018 911 ite-

1170 932 1239 957 rata
1256 947 1266 965 ,
1292 922 1344 956 sed
1362 925 1395 956 in
1412 924 1522 958 vocali
1541 923 1661 971 primae
1678 923 1822 972 syllabae.
1861 926 1909 961 Et
1922 924 2019 959 dein-

1170 969 1210 1023 de
1227 971 1305 1006 MS.
1324 973 1492 1019 cwoinnCow
1509 997 1520 1015 ,
1545 983 1616 1006 non
1631 978 1757 1007 evvoi'mr
1777 998 1789 1017 ‚
1811 986 1883 1009 non
1897 973 2020 1009 cifvomox

1169 1035 1250 1057 ησων.

1214 1073 1361 1113 406,20.
1387 1071 1507 1105 Πέδιλα
1522 1069 1658 1117 magam]
1685 1069 1828 1105 Etiamfi
1844 1070 1891 1114 ita
1905 1069 2021 1106 edere·

1170 1126 1225 1151 tur
1240 1142 1251 1160 ‚
1280 1117 1376 1152 Valla
1391 1128 1506 1153 tamen
1524 1117 1632 1153 fraudi
1649 1131 1718 1153 non
1735 1120 1845 1167 patuit
1860 1144 1873 1164 ‚
1898 1118 1952 1154 sed
1969 1120 2021 1155 vi-

1170 1165 1221 1200 dit
1237 1165 1318 1212 quid
1336 1167 1382 1200 rei
1402 1166 1492 1202 ess'et.
1534 1166 1639 1203 Certe
1655 1167 1691 1202 &
1706 1167 1774 1216 ipse
1788 1167 1857 1205 vidi
1877 1168 1914 1203 in
1929 1168 2021 1216 opti-

1171 1226 1229 1248 mo
1251 1215 1328 1249 MS.
1345 1217 1463 1262 νεβρῶν.

1218 1266 1301 1308 406,
1315 1267 1367 1297 26.
1389 1265 1601 1313 nxyoesa'nnc]
1619 1265 1803 1301 Habebant
1817 1278 1941 1314 nempe
1951 1265 2033 1314 pri?

1173 1323 1261 1346 main
1275 1311 1433 1359 syllabarii
1450 1315 1484 1348 in
1493 1315 1636 1361 Bagoas:
1645 1315 1724 1350 inde
1738 1314 1792 1350 sed
1806 1314 1946 1350 extendi
1961 1314 2020 1348 de-

1172 1359 1247 1395 buit
1263 1360 1338 1394 haec
1353 1362 1553 1408 appellatio,
1579 1376 1655 1411 quae
1672 1364 1706 1397 in
1726 1364 1804 1398 MS.
1821 1364 1956 1412 optimo
1971 1362 2019 1398 le-

1172 1409 1266 1456 gitur
1283 1410 1457 1454 βαωοέκης,
1484 1411 1585 1460 idque
1600 1411 1732 1447 sufficit.

1221 1461 1304 1501 406,
1323 1469 1375 1502 27.
1411 1462 1562 1505 Προέόλκς
1584 1459 1635 1496 δύο
1660 1460 1866 1508 Λυκεςγέοις.]
1903 1460 2020 1505 Quam

1175 1515 1273 1540 acute
1289 1507 1323 1539 in
1339 1506 1407 1540 hoe
1425 1508 1504 1542 loco
1528 1519 1656 1544 veteres
1673 1509 1886 1557 grammatici
1903 1507 2021 1544 versati

1174 1552 1248 1588 sunt
1258 1578 1269 1597 ‚
1296 1566 1418 1601 nempe
1436 1566 1474 1590 ut
1489 1567 1566 1604 quae
1580 1566 1659 1591 toto
1673 1558 1766 1592 coelo
1780 1557 1902 1592 distant
1912 1584 1921 1598 ‚
1944 1569 2021 1592 mo-

1175 1602 1299 1637 liantur
1316 1603 1350 1637 in
1378 1616 1483 1638 unum
1500 1604 1664 1639 confundi
1681 1604 1695 1638 ?
1729 1606 1810 1640 Hoc
1827 1606 1917 1640 enim
1933 1614 2022 1640 tem-

1177 1663 1260 1698 pore
1275 1652 1355 1699 quid
1366 1651 1586 1689 instrumenta
1594 1654 1712 1702 Lyciis
1727 1653 1846 1689 usitata
1864 1652 1900 1688 &
1915 1654 1951 1688 in
1963 1665 2021 1689 eo-

1175 1712 1251 1735 rum
1267 1701 1406 1751 regione
1422 1702 1578 1738 confeeta
1603 1703 1640 1739 &
1664 1702 1851 1747 elaborata,
1874 1701 1956 1750 quid
1970 1702 2023 1737 in-

1177 1761 1276 1796 quam
1294 1751 1350 1785 illa
1366 1751 1406 1785 ad
1422 1752 1596 1795 Thracas,
1620 1751 1683 1788 etsl
1698 1752 1884 1795 Asiaticos,
1908 1760 2025 1787 tamen

1178 1798 1351 1844 Thracas,
1369 1800 1437 1834 hoc
1452 1800 1518 1841 est,
1544 1799 1770 1836 bellicofiores
1789 1800 1825 1835 ἅ*
1841 1800 2026 1835 ferociores

1176 1847 1277 1882 etiam
1294 1848 1327 1882 in
1346 1849 1497 1884 venando
1517 1849 1674 1885 omnibus
1683 1849 1822 1897 Lyciis?
1849 1849 1906 1883 An
1920 1849 2023 1883 hiveae-

1178 1897 1269 1930 natui
1287 1897 1442 1944 luporum
1462 1897 1616 1934 inservire
1632 1911 1701 1933 non
1717 1908 1875 1947 poterant
1891 1896 1958 1932 fine
1975 1895 2026 1931 fa-

1176 1945 1243 1979 bris
1262 1946 1382 1995 Lyciae
1399 1945 1411 1980 ?
1440 1946 1566 1982 Nescio
1583 1947 1665 1995 quid
1681 1945 1866 1996 perversius
1880 1944 2026 1995 cogitari

1178 2004 1288 2040 queat.
1330 2002 1498 2041 Λυκιεργὲοι
1513 1996 1568 2031 vel
1584 2000 1771 2043 Λυκιοεξγέει
1794 1995 2024 2043 relinquantur

1179 2043 1241 2076 illis
1261 2068 1273 2086 ,
1299 2044 1354 2090 qui
1373 2045 1418 2078 eis
1436 2054 1587 2080 utuntur.
1622 2045 1805 2080 Herodoto
1820 2043 1862 2079 de
1876 2041 2023 2079 Thraci«

1178 2092 1239 2126 bus
1256 2093 1408 2139 loquenti
1434 2094 1489 2127 illa
1513 2094 1547 2127 in
1566 2103 1717 2129 mentem
1734 2094 1849 2128 venire
1873 2103 1943 2126 non
1960 2103 2024 2138 po-

1180 2150 1328 2175 tuerunt.
1357 2140 1484 2176 Abusus
1499 2142 1555 2176 ille
1570 2142 1635 2176 fuit
1649 2141 1794 2178 lectione
1809 2141 1883 2184 sua,
1898 2141 1956 2188 qui
1972 2151 2024 2174 re·

1182 2201 1259 2224 cens
1275 2189 1316 2224 ab
1336 2190 1516 2225 Herodoto
1534 2190 1662 2225 tranfiit
1677 2190 1716 2225 ad
1734 2189 2022 2234 Demosthenem,

1182 2238 1217 2272 &
1235 2242 1400 2284 Λυκεργέοα
1417 2238 1525 2273 voluit
1547 2251 1741 2286 comparare
1764 2251 1843 2274 cum
1859 2243 2025 2284 Auyaxgylc

1181 2287 1234 2322 vel
1252 2294 1428 2333 Λυκικςγεζς.
1478 2288 1563 2322 Sunt
1581 2287 1622 2323 ab
1647 2287 1678 2322 se
1703 2288 1850 2324 invicem
1865 2288 1971 2322 aliena
1988 2287 2025 2322 ἓξ

1182 2338 1329 2371 maxime
1344 2336 1506 2372 distantia.
1532 2336 1592 2371 Est
1606 2345 1719 2372 autem
1734 2338 1798 2377 ita,
1813 2345 1852 2372 ut
1869 2335 1972 2370 citavi
1987 2335 2025 2370 ὃς

1182 2385 1271 2420 edidi
1286 2411 1297 2429 ,
1322 2384 1482 2433 scripturn
1501 2387 1535 2420 in
1550 2386 1685 2433 optimo
1700 2386 1818 2421 codice
1833 2389 2026 2431 Λυκεςγὲας,

1183 2434 1283 2481 idque
1300 2433 1388 2469 reete
1404 2432 1533 2469 versum
1551 2434 1598 2469 est
1613 2434 1654 2469 ab
1672 2434 1788 2479 Valla,
1813 2445 1883 2469 non
1900 2443 2026 2482 Λυκοερ-

1183 2488 1274 2528 γὲοα,
1292 2495 1359 2517 non
1376 2488 1575 2529 Λυκιεςγέοις,
1598 2493 1700 2531 prout
1713 2483 2025 2532 Harpocrationem

1182 2533 1216 2566 in
1232 2544 1273 2566 eo
1291 2542 1435 2579 utroque
1453 2531 1564 2579 adjuvi
1583 2544 1624 2567 ex
1646 2534 1786 2582 antiquo
1803 2531 1923 2567 codice
1938 2530 2026 2566 illius

1182 2581 1352 2628 scriptoris
1366 2581 1400 2614 in
1416 2580 1530 2614 eadem
1540 2580 1754 2617 Bibliotheca
1767 2581 1941 2623 Medioea,
1950 2579 2026 2614 uni-

1184 2642 1223 2664 ca
1238 2628 1424 2664 liberalium
1443 2628 1627 2664 studiorum
1647 2631 1858 2678 reparatrice.
1885 2627 1972 2665 Noli
1988 2628 2024 2662 in

1183 2679 1246 2713 hac
1262 2688 1355 2725 parte
1371 2677 1516 2721 haerere,
1542 2688 1580 2713 ut
1596 2678 1764 2718 haeserunt
1779 2679 1855 2726 post
1870 2677 2025 2723 antiquos

1182 2727 1304 2761 Portus
1319 2752 1331 2771 ,
1357 2726 1554 2771 Stephanus.
1597 2727 1632 2761 Si
1655 2728 1811 2763 voluiss'et
1825 2723 2023 2763 Herodotus

1183 2776 1239 2810 hic
1256 2775 1402 2810 indicare
1416 2774 1539 2821 aliquid
1550 2775 1720 2824 Lycium,
1745 2788 1856 2811 nonne
1872 2787 1954 2809 mox
1970 2775 2022 2810 di-

1182 2825 1229 2859 Cit
1248 2823 1327 2869 εἶχον
1346 2824 1365 2870 'j‘
1381 2826 1487 2858 αὐτέων
1506 2825 1582 2866 τόξα
1597 2828 1784 2871 μετεξέτεροι
1800 2822 1922 2859 Au'moz?
1948 2823 2022 2859 Cur

1182 2873 1215 2908 id
1232 2872 1338 2920 ipsum
1355 2883 1444 2908 nunc
1462 2884 1598 2921 quoque
1615 2885 1684 2909 non
1700 2872 1829 2922 posuit,
1851 2883 1920 2921 quo
1936 2871 2021 2909 nihil

1181 2920 1359 2969 liquidius?

1231 2982 1314 3016 407,
1324 2981 1354 3017 5.
1379 2970 1598 3017 spegevolx'rnq]
1632 2969 1710 3005 MS.
1728 2969 1932 3016 Φαρανδάτης.
1960 2972 2023 3008 Ne

1183 3018 1311 3053 dubita.
1337 3018 1430 3052 Nam
1449 3029 1538 3064 9‚75
1558 3017 1663 3054 rursus
1679 3018 1724 3051 ita
1739 3029 1816 3053 eum
1833 3020 1981 3056 vocavit.

1228 3077 1313 3112 407,
1327 3076 1378 3109 15.
1405 3069 1444 3102 15¹„-
1459 3068 1476 3098 ²÷
1492 3067 1607 3114 πεζὸν]
1637 3065 1738 3100 Plane
1753 3065 1797 3101 slC
1813 3066 1940 3116 scripsit
1950 3081 2023 3104 rur-

1184 3114 1234 3151 sus
1251 3126 1324 3162 cap.
1341 3112 1388 3160 84
1403 3113 1438 3149 ὁῑ
1452 3120 1498 3161 96
1516 3116 1551 3151 ἅτ
1566 3127 1639 3162 cap.
1652 3125 1729 3149 100.
1753 3115 1917 3153 Attamen
1930 3129 2022 3154 nunc

1976 3165 2029 3201 le-
