2112 3621
315 226 395 279 2556

598 221 767 278 JAC.
834 217 1332 263 GRONOVII

1407 214 1684 257 NOTAE

314 291 445 325 dativus
468 288 512 323 sic
532 288 670 336 junctus
695 288 817 336 placet.
864 289 942 334 Jam
969 286 1064 334 supra
1086 286 1121 320 in
1171 287 1322 337 ſjmzflque
1342 295 1447 329 poenczs
1471 285 1553 328 acnfi
1575 282 1615 316 ab
1637 295 1668 317 co
1689 281 1758 327 filii
1780 281 1837 328 fizi
1857 285 1982 329 exigens.

314 351 386 386 sap.
408 349 450 386 34
472 337 584 372 dixit:
611 338 654 383 μή
670 354 696 372 τι
718 344 741 371 οἱ
760 336 945 384 κξεμοίρύξυον
972 342 1013 382 τῷ
1031 338 1120 371 παιδὶ

316 392 441 433 ἐμπέσῃ.
469 385 516 421 Et
535 397 612 433 205'.
631 398 664 430 z,
675 388 730 428 89.
749 386 800 426 Μή
817 397 872 428 σφι
890 393 914 420 οἱ
930 384 1121 431 ταωχόἶιτσιῖ

314 436 456 482 μίσγωνῦ
480 440 543 482 τῇσι
567 439 699 482 γυναιξὶ.
715 434 750 470 &
767 434 849 470 ibid.
871 446 948 481 175.
982 440 1025 482 Τῇ
1041 435 1121 473 Α’θη-

315 484 378 531 vxi-n
398 485 580 532 προπύλαια,
600 484 771 529 θαυμάσιοί
787 491 812 518 οἱ
831 485 994 529 ἑξεποίηζε.
1025 494 1055 531 3,
1070 493 1121 529 55.

315 534 371 570 Καί
387 540 412 569 σι’
425 539 468 580 τῷ
484 534 575 575 nesle)
592 535 648 574 ’ἔφη
665 534 777 578 Σάμιον
795 533 911 578 vivona
926 534 1061 569 uelum.
1088 537 1122 576 6,

314 580 373 618 68.
406 582 581 630 Α’πικομῑζόῃ
604 583 622 629 ’3
644 588 680 630 τῇ
702 584 790 630 mle)
809 587 834 619 ἐς
853 583 907 620 τοὶς
925 587 1038 629 χε-ῖξρτς
1057 589 1081 616 οἱ
1098 587 1123 617 ‘³2²

314 631 522 678 wholypgywv.

375 682 500 729 85,13.
528 682 669 729 Α’μεῖἕεῖ)
688 679 722 718 ὧν
741 679 810 726 δὴ]
846 680 924 717 MS.
941 680 1087 727 οἱμεῖἕεἹαί
1103 686 1126 714 οἱ

316 730 357 771 δὴ
373 729 420 764 ὦν.

366 777 491 826 85,48.
518 786 549 814 Εἰ
569 779 642 826 5μῆ
659 785 760 814 ταῦτα
780 778 812 812 σι)
830 776 979 825 neratde]
1009 776 1088 811 MS.
1105 779 1127 810 εἱ

315 828 338 876 {3³
354 833 453 864 ταῦτα
468 832 485 863 ⁸·
501 829 632 868 ποιήσεις.
681 828 747 863 Sed
764 829 809 863 ita
832 838 869 863 ut
895 835 1052 876 appareat
1069 837 1127 860 ne-

317 879 468 926 gativam
488 881 504 913 ἐ
523 877 697 913 manifeste
714 890 756 912 ex
774 878 897 913 vocula
915 879 950 911 ov*
967 877 1126 911 immuta-

318 937 389 962 tam
406 926 470 962 esse
488 926 529 961 ab
552 939 594 961 eo
609 926 736 961 scilicet
752 952 764 970 ,
791 928 849 974 qui
865 925 1065 974 particulam
1083 921 1129 968 ‚ms

315 976 355 1011 in
381 974 613 1023 antiquiffimis
645 975 894 1022 exemplaribus
927 985 997 1008 non
1029 983 1125 1019 repe-

315 1025 405 1060 riens
421 1050 433 1068 ,
460 1036 565 1071 quum
586 1033 700 1057 tamen
718 1024 947 1070 requireretur
963 1022 1103 1070 negatio
1114 1046 1126 1065 ,

316 1072 531 1120 intelligebat
549 1071 686 1107 tandem
703 1071 738 1105 in
755 1072 962 1119 pronomine
979 1072 1015 1105 σύ
1032 1082 1125 1105 erro—

316 1133 388 1156 rem
407 1121 583 1156 admissum
600 1121 663 1156 esse
679 1146 690 1165 ,
715 1133 817 1168 quem
833 1119 923 1155 reete
939 1121 986 1154 ita
1000 1118 1125 1154 abster-

316 1169 431 1219 gebat.
474 1170 563 1205 Non
580 1170 687 1217 magis
704 1170 739 1205 σύ
754 1181 846 1204 nunc
866 1169 984 1203 locum
1001 1167 1125 1212 habet,

316 1232 418 1268 quam
436 1220 471 1254 in
488 1219 670 1267 praemiflis.

367 1269 425 1312 86,
436 1279 467 1302 z.
495 1272 556 1302 Τῶν
572 1271 662 1304 ἐπέων
677 1269 787 1303 ‘rm-{mv
806 1266 1014 1314 οἱνενειχθὲνΊων
1027 1294 1034 1306 ,
1053 1269 1125 1303 ἑδέ-

316 1332 354 1353 νοι
379 1316 496 1353 {mizdo
523 1316 651 1364 λέγει]
689 1316 779 1359 Quis
805 1317 944 1365 negabit
977 1315 1126 1354 molliter

316 1367 423 1402 fluere
440 1366 556 1400 seriem
577 1367 701 1400 horum
720 1364 903 1400 verborum
920 1367 967 1399 ita
982 1367 1124 1402 concin-

317 1415 454 1450 natam?
469 1414 630 1449 Univerla
645 1413 739 1461 plebs
754 1414 799 1447 ita
817 1414 1024 1460 loqueretur.
1038 1415 1125 1458 Jun-

315 1463 370 1498 &a
385 1464 476 1498 enim
493 1463 568 1497 sunt
585 1487 596 1505 ‚
626 1474 703 1508 qua:
716 1461 818 1508 jungi
834 1461 997 1505 decebat,
1025 1461 1061 1495 ὃ(
1079 1463 1125 1497 se-

314 1520 428 1560 parata
442 1536 453 1555 ,
482 1522 559 1558 qua:
578 1519 672 1544 erant
691 1509 969 1545 interscindenda.
1004 1509 1070 1545 Sed
1090 1512 1124 1547 id

316 1573 387 1595 non
404 1559 533 1608 placuit
555 1558 686 1606 semper
702 1558 888 1594 Herodoto
907 1584 919 1603 ‚
946 1559 1003 1607 qui
1021 1560 1122 1596 etiam

315 1621 399 1644 mox
421 1607 561 1643 scribit:
588 1609 634 1647 ἤτε
660 1607 698 1647 διδ
721 1608 809 1648 7r<>7ix27x
837 1610 864 1643 ἰς
882 1614 1024 1654 Περσικῆς
1048 1614 1126 1645 aii-ti}

315 1658 434 1704 ςρριῖιῆς
453 1657 547 1704 ταύτῃ
566 1657 726 1704 ὃιεφθοίςη.
778 1657 888 1704 Atqui
910 1656 1025 1705 paffnn
1042 1657 1126 1694 dicit

316 1711 393 1743 adri
410 1707 508 1753 ταύτῃ
525 1705 651 1755 junffis
667 1705 702 1740 δε
722 1707 886 1741 connexis
903 1707 1046 1741 omnino
1066 1720 1126 1742 vo—

316 1756 421 1792 cibus.
446 1756 486 1791 Id
503 1768 594 1791 nunc
612 1755 713 1790 etiam
731 1755 903 1804 placuerat
918 1755 1126 1802 Herodoto,

314 1816 355 1841 ut
377 1805 480 1841 docet
505 1803 790 1854 praestantiffimus
814 1803 925 1840 codex
946 1804 1076 1840 servans
1101 1812 1126 1841 Ψ

316 1857 407 1891 ἐπέων
425 1858 515 1891 isim
533 1853 621 1889 ’τέ-των
640 1854 843 1899 άνενᾴχθὲνἾων
863 1854 982 1889 {medo
1001 1854 1102 1900 λόγον.

366 1905 425 1949 86,
442 1916 495 1950 17.
521 1903 577 1941 Koa?
594 1903 630 1943 ὃῆ
649 1906 672 1953 2:³7
688 1902 907 1950 πυνθάνομαι]
935 1902 1052 1947 Qam
1069 1903 1128 1939 be-

318 1965 361 1988 ne
384 1954 568 2001 geminata:
592 1961 780 1987 occurrunt
802 1952 873 1987 istae
890 1952 1026 2000 copulae
1045 1965 1128 1988 mox

318 2006 343 2050 ιζ,
362 2004 397 2041 δή
417 2008 441 2052 ‚g
465 2003 551 2038 αὐτὸς
567 2006 670 2048 Κῦςςῷψ
685 2002 813 2046 nmmo?
828 2025 839 2045 ‚
866 2011 934 2037 tam
959 2001 1043 2036 nulli
1058 2001 1129 2038 usui

319 2049 456 2086 inservit
472 2076 483 2094 ‚
509 2051 618 2085 immo
635 2049 749 2085 turbat
771 2049 1046 2098 consequentiam
1063 2052 1128 2087 hu-

313 2100 369 2147 jus
385 2099 453 2134 loci
469 2101 605 2148 penitus
620 2098 763 2134 secunda
778 2099 902 2135 vocula
919 2104 942 2150 »ὲ
954 2125 965 2145 ‚
984 2110 1024 2135 ut
1040 2101 1128 2135 omi-

319 2147 397 2182 serit
415 2160 551 2195 quoque
570 2148 676 2183 Valla.
710 2149 757 2184 Et
772 2158 864 2185 certe
881 2161 951 2185 non
968 2149 1076 2185 exstat
1092 2151 1129 2185 in

320 2197 457 2244 optimo
478 2197 555 2231 MS.
573 2196 662 2232 unde
679 2197 788 2232 omisi.

372 2246 427 2287 86,
441 2250 494 2280 26.
523 2249 660 2285 Ε’νοιπῆκε
678 2250 756 2281 adr&
775 2246 828 2282 riu)
844 2245 1026 2295 aemathiam]
1054 2246 1128 2283 Ve-

320 2295 433 2330 nimus
448 2294 488 2329 ad
505 2304 634 2342 partem
654 2294 803 2330 historiae
819 2309 878 2344 per
894 2298 1008 2332 omnia
1023 2296 1128 2332 saecu-

320 2344 352 2379 la
377 2353 599 2378 memoratam
619 2343 654 2378 &
673 2346 837 2392 temporis
857 2345 909 2380 -sui
936 2345 1130 2393 gloriofiffi-

320 2405 412 2428 mam
427 2402 555 2427 notam.
587 2393 681 2439 Qiae
698 2405 803 2441 quum
822 2393 899 2428 ideo
914 2394 1054 2429 deberet
1072 2394 1131 2429 ha-

321 2441 394 2477 bita
409 2441 473 2476 effe
492 2440 706 2486 sanffissime,
723 2452 827 2490 prout
845 2442 886 2478 ab
903 2443 1056 2478 humano
1070 2454 1130 2491 ge-

320 2503 401 2526 nere
416 2501 558 2538 accepta
571 2500 643 2525 erat
659 2503 701 2525 ex
711 2491 886 2526 Herodoti
902 2504 1002 2527 manu
1015 2516 1026 2535 ,
1039 2492 1131 2536 vide,

320 2552 421 2588 quam
445 2539 610 2575 malevole
636 2539 672 2573 &
695 2540 827 2588 ingrate
852 2540 955 2576 fuerit
980 2539 1129 2575 traetata.

320 2589 450 2637 Neque
460 2590 552 2624 enim
570 2587 615 2623 fic
634 2588 803 2624 dubitavit
814 2590 913 2625 edere
924 2590 1031 2625 Aldus
1040 2615 1050 2634 ,
1061 2602 1130 2625 non

322 2636 537 2673 Camerarius
555 2663 566 2682 ,
593 2649 662 2672 non
681 2638 871 2684 Stephanus
886 2663 897 2682 ,
924 2639 1081 2687 capitales
1095 2639 1131 2674 in

320 2686 389 2721 hoc
411 2686 549 2722 ianitore
565 2686 736 2721 triumviri
754 2703 764 2728 3
792 2686 847 2722 sed
870 2698 984 2723 tamen
1000 2687 1131 2736 postre-

321 2746 395 2769 mus
411 2737 457 2770 ita
474 2761 486 2780 ‚
511 2745 551 2770 ut
576 2747 696 2782 margo
715 2737 786 2783 ejus
803 2735 989 2772 obduceret
1006 2736 1132 2785 aliquid

318 2782 462 2818 editioni
474 2784 623 2833 vulgatae
633 2809 644 2828 ‚
655 2796 778 2832 nempe
790 2790 961 2825 ὸνοιπῆπτε.
992 2786 1046 2821 Ex
1057 2786 1132 2833 qui-

319 2830 381 2865 bus
400 2833 480 2878 quid
497 2833 635 2880 proprie
652 2833 848 2880 exprcll'erit
862 2834 955 2870 Valla
974 2835 1132 2883 perhanc

319 2880 641 2927 interpretationem
652 2890 743 2926 caput
757 2884 791 2916 in
806 2892 905 2917 utrem
920 2884 1051 2929 dcmzstt,
1062 2896 1133 2918 non

317 2928 417 2963 facile
433 2928 559 2964 dixeris
575 2946 585 2970 ·,
613 2929 674 2964 nisi
691 2930 785 2978 quod
803 2931 939 2966 videtur
957 2932 1134 2980 respexiss'e

320 2976 498 3012 Valerium
510 2978 729 3021 Maximum,
740 2980 798 3025 qui
815 2978 905 3020 lib.9
922 2992 952 3014 c.
968 2992 1008 3015 10
1027 2981 1133 3016 dicit:

319 3027 352 3059 in
375 3033 473 3060 utrem
496 3026 627 3060 humano
652 3026 803 3071 fimguinc
836 3029 982 3072 repletum
1014 3028 1136 3063 demitti

309 3075 401 3119 juffit
410 3076 613 3121 3cxpr0brans
630 3075 678 3109 illi
693 3073 899 3120 ilfiztiabilcm
913 3078 1026 3112 cruoris
1034 3079 1136 3123 filim,

1188 333 1281 369 Valla
1298 333 1377 367 hinc
1394 342 1486 366 certe
1501 331 1584 366 illud
1600 347 1669 377 απ,
1687 331 1780 379 quod
1795 334 1830 367 in
1847 332 1910 367 isto
1926 333 1985 367 de-

1181 381 1374 430 compolito
1401 380 1447 415 est
1462 407 1473 425 ,
1499 381 1609 416 voluit
1640 381 1739 429 plane
1771 382 1985 429 exprimere,

1181 431 1441 480 quumJuliinus
1457 430 1548 465 dieat
1564 440 1698 465 tantum
1717 431 1830 476 conjici.
1857 431 1985 479 Neque

1181 480 1291 529 potest
1309 479 1376 513 dici
1394 478 1427 512 itl
1443 491 1511 513 non
1528 478 1677 514 sufficere
1691 479 1732 514 ad
1748 480 1987 527 exponendam

1182 543 1263 564 rem.
1295 530 1460 564 Attamen
1479 527 1679 563 Herodotus
1701 529 1812 564 noluit
1829 528 1987 578 usurpare

1181 579 1323 614 verbum
1341 583 1437 621 ἀνίημι
1449 602 1459 620 ,
1474 576 1567 624 quod
1583 576 1686 612 habet
1703 575 1738 621 8,
1751 588 1802 625 32.
1821 583 1846 614 ἐς
1861 580 1915 615 τοίς
1932 579 1989 615 πό-

1183 640 1229 665 λις
1241 634 1265 663 σ’,ι
1275 634 1358 663 ιὲντες
1369 632 1438 672 πῡς.
1458 627 1576 673 Itaque
1586 626 1730 661 omnino
1745 627 1879 674 putavit
1888 628 1989 664 Valla

1182 676 1444 724 exprimendum
1466 675 1553 710 istud
1570 675 1640 710 xm).
1674 674 1740 709 Sed
1755 674 1848 722 quod
1866 687 1908 710 ex
1926 677 1991 714 illis

1182 724 1314 760 duobus
1329 735 1406 759 ante
1421 724 1540 759 oculos
1555 723 1817 760 habuit?Immo
1834 724 1925 760 unde
1943 725 1990 762 fic

1184 773 1340 822 prosiluit
1356 774 1545 820 Stephanus
1563 785 1643 809 cum
1666 773 1726 809 ista
1747 773 1850 808 altera
1871 773 1993 811 1615110-

1185 821 1250 857 ne?
1275 835 1316 857 an
1335 823 1490 869 ignorata
1500 823 1591 858 Aldo
1607 821 1706 858 simul
1724 821 1762 858 ὃς
1778 822 1994 860 Camerario?

1187 871 1319 915 Miror,
1345 871 1397 905 sed
1414 883 1463 906 res
1480 881 1594 907 tamen
1613 871 1741 907 indicat
1756 873 1803 908 ita
1821 873 1895 907 effe.
1926 875 1994 910 At-

1186 920 1243 966 qui
1268 929 1426 954 neutrum
1442 920 1586 955 verbum
1609 922 1779 970 attingere
1795 921 1906 958 voluit
1923 924 1992 959 AE-

1185 968 1256 1002 mil.
1283 969 1406 1002 Portus
1423 993 1435 1012 ,
1467 980 1572 1016 quum
1598 970 1732 1008 Α’πήσων
1749 994 1761 1014 ,
1793 975 1931 1006 Α’πίεσων
1955 972 1994 1008 &Z

1186 1017 1316 1058 Α’πίειθῖ
1332 1029 1402 1051 non
1424 1018 1615 1064 praeteriret
1631 1043 1643 1062 ‚
1669 1028 1762 1053 certe
1780 1021 1922 1056 minoris
1937 1021 1996 1057 illa

1185 1067 1364 1101 momenti.
1416 1065 1514 1113 Quid
1538 1078 1623 1114 ergo
1645 1066 1714 1112 est,
1740 1067 1833 1114 quod
1849 1067 1996 1104 scribere

1185 1115 1301 1162 potuit
1320 1115 1512 1163 Stephanus
1527 1116 1563 1150 in
1580 1114 1788 1152 Thesauro?
1810 1114 1831 1162 ξ
1850 1116 1997 1159 Α’φοίπἾω

1184 1162 1347 1212 suspendo
1365 1189 1376 1208 ,
1404 1163 1494 1200 unde
1511 1164 1732 1212 cia-appassu'&‚
1756 1177 1821 1214 pro
1835 1165 1997 1214 fitspenfics

1184 1213 1372 1249 Herodoto
1388 1213 1429 1249 ab
1444 1215 1514 1263 ejus
1531 1214 1654 1264 paffiva
1667 1227 1765 1251 voce.
1803 1215 1901 1251 Idem
1923 1221 1998 1254 ἐνοι-

1185 1264 1275 1308 πῆπῖ)
1296 1267 1376 1299 aar}
1391 1263 1452 1298 τῖυ)
1469 1266 1620 1306 mevania)
1636 1271 1663 1303 ἐς
1678 1266 1699 1300 ’ἳ-
1715 1265 1805 1302 οίωιὸν
1822 1290 1836 1310 ,
1859 1265 1998 1304 demisit

1184 1312 1239 1348 vel
1261 1313 1384 1348 afflixit
1407 1314 1444 1349 in
1467 1324 1580 1350 utrem
1603 1326 1725 1352 cruore
1739 1315 1892 1364 plenum.
1943 1320 1998 1352 A'-

1185 1362 1289 1404 φοίπἹω
1321 1361 1413 1398 idem
1447 1363 1600 1413 Applico
1623 1389 1635 1410 ,
1669 1363 1865 1401 Admoveo.
1897 1364 1998 1401 Suid.

1187 1410 1360 1445 Haerenus
1376 1412 1485 1458 Eud]
1513 1414 1612 1456 Quid
1628 1413 1723 1448 sodes
1738 1414 1816 1448 haec
1831 1408 1998 1450 afferunt?

1181 1459 1259 1503 jam
1276 1459 1422 1493 Budaeus
1439 1461 1565 1508 aliquid
1581 1462 1717 1497 notavit
1739 1463 1774 1496 in
1792 1462 1996 1508 Herodoto,

1184 1506 1278 1553 quod
1301 1508 1371 1555 ejus
1393 1507 1539 1542 editores
1560 1509 1805 1546 nesciverunt?
1831 1511 1868 1546 ὃς
1887 1525 1995 1560 quum

1185 1555 1211 1589 is
1232 1556 1304 1603 jam
1330 1554 1364 1589 id
1387 1556 1587 1598 notavisset,
1613 1558 1713 1591 latuit
1736 1571 1797 1604 per
1812 1558 1996 1606 saeculum,

1185 1603 1297 1639 donec
1329 1604 1521 1652 Stephanus
1555 1604 1734 1639 incondite
1768 1605 1803 1639 id
1829 1607 2000 1653 proferret

1186 1653 1222 1687 in
1251 1653 1431 1689 Thesauro
1449 1679 1461 1698 ‚
1500 1666 1540 1688 ac
1575 1653 1723 1702 denique
1755 1653 1797 1688 ad
1830 1657 1999 1704 margines

1186 1702 1362 1738 Herodoti
1396 1703 1484 1738 bene
1514 1704 1661 1751 aperiret
1686 1702 1701 1737 ?
1740 1703 1830 1750 Qiis
1864 1706 2000 1753 cogitet

1185 1753 1414 1787 narrationem
1437 1764 1535 1800 aeque
1559 1752 1739 1787 ridiculam
1757 1777 1769 1796 ‚
1794 1761 1854 1788 aut
1869 1753 1912 1788 de
1929 1754 1999 1790 stu-

1185 1800 1248 1835 diis
1273 1800 1374 1836 doete
1400 1801 1436 1836 ἃ
1461 1801 1627 1850 sapienter
1650 1801 1770 1837 sentiat
1793 1800 1808 1836 ?
1842 1802 2000 1850 Oportet

1187 1863 1244 1885 eos
1258 1876 1270 1895 ,
1297 1852 1354 1899 qui
1373 1852 1408 1886 in
1425 1850 1612 1886 Herodoto
1626 1850 1745 1886 versati
1761 1850 1920 1896 fuerunt,
1944 1853 2000 1889 hi-

1187 1899 1323 1935 storiam
1341 1901 1431 1935 lianc
1449 1900 1524 1935 satis
1538 1901 1661 1949 agresti
1677 1900 1783 1937 modo
1799 1902 1997 1950 percepisse.

1187 1948 1363 1994 Qioniam
1389 1950 1447 1985 hie
1464 1949 1532 1985 fuit
1549 1950 1676 1999 aliquid
1695 1949 1866 1998 peculiare
1881 1975 1892 1996 ‚
1917 1951 1998 1988 ideo

1189 1998 1391 2034 Herodotus
1423 1999 1526 2034 etiam
1561 2001 1613 2035 uti
1642 2000 1754 2036 voluit
1785 1999 1892 2035 verbo
1923 2013 1997 2037 non

1187 2049 1378 2096 quotidiani
1395 2049 1516 2084 curlus
1544 2050 1651 2086 Dixit
1669 2049 1831 2089 ὸνοιπῆπἹε.
1863 2049 1917 2084 Ita
1935 2050 1996 2084 ha-

1186 2096 1245 2132 bet
1269 2110 1406 2146 quoque
1429 2098 1541 2133 codex
1565 2099 1771 2143 Medieeus‚
1797 2106 1836 2132 ut
1861 2096 1940 2133 scias
1957 2098 1995 2134 ἃ·

1185 2147 1355 2182 Budaeum
1373 2148 1518 2195 potuill'e
1533 2147 1568 2182 id
1584 2147 1697 2192 nosse,
1723 2147 1760 2182 &
1774 2145 1864 2181 unde
1879 2145 1914 2180 id
1932 2160 1995 2183 no-

1187 2206 1261 2231 tum
1277 2195 1443 2230 habuerit.
1471 2196 1555 2231 Hoc
1572 2195 1678 2231 verbo
1693 2195 1841 2238 dicitur,
1851 2207 1921 2230 non
1936 2196 1996 2232 de-

1188 2244 1308 2280 mififfe
1332 2255 1389 2280 aut
1408 2245 1590 2293 conjecisse
1613 2255 1718 2294 caput
1735 2245 1771 2278 in
1788 2253 1900 2280 utrem
1917 2271 1928 2290 ,
1954 2257 1995 2283 ut

1188 2293 1258 2329 illic
1274 2293 1481 2343 putresceret
1496 2306 1535 2328 ac
1551 2293 1806 2338 dissolveretur,
1826 2292 1880 2328 sed
1895 2306 1994 2343 egre-

1188 2344 1246 2392 gie
1261 2343 1419 2378 insultans
1435 2343 1586 2391 alligavit
1602 2342 1764 2392 superiori
1782 2344 1852 2391 ejus
1867 2344 1939 2387 ori,
1954 2354 1995 2381 ut

1190 2392 1295 2429 modo
1322 2393 1429 2441 poll'et
1462 2392 1641 2428 demittere
1673 2391 1766 2441 quasi
1798 2390 1839 2426 ad
1870 2402 1994 2440 potan-

1188 2441 1269 2478 dum
1280 2468 1291 2487 ‚
1309 2441 1414 2477 modo
1431 2441 1539 2476 rursus
1555 2442 1743 2484 attrahere,
1769 2450 1808 2476 ut
1823 2441 1994 2478 intermit-

1189 2501 1295 2536 teret,
1319 2503 1422 2540 quum
1441 2491 1577 2525 interim
1593 2503 1654 2539 per
1670 2489 1851 2526 muliebres
1867 2490 1993 2527 intem-

1189 2542 1296 2587 peries
1313 2540 1347 2575 &
1365 2538 1520 2574 insaniam
1538 2540 1737 2588 Scythicam
1754 2539 1825 2574 aliis
1841 2539 1993 2576 ludibriis

1189 2591 1222 2626 id
1249 2589 1462 2625 horrifiearet
1481 2614 1492 2631 ,
1520 2589 1623 2623 ctiam
1655 2589 1737 2624 alios
1771 2589 1992 2624 contumeliae

1189 2638 1311 2675 modos
1332 2638 1368 2674 in
1389 2636 1557 2684 reliquum
1584 2650 1708 2686 corpus
1732 2636 1885 2673 fimiliter
1900 2635 1992 2672 exse-

1188 2700 1274 2724 rens.

1234 2735 1292 2781 86,
1307 2736 1360 2770 28.
1387 2735 1428 2770 Σι)
1443 2734 1495 2780 fidis)
1513 2741 1584 2780 ἐμεῦ
1602 2736 1691 2783 {derne
1705 2753 1739 2772 τε
1757 2736 1851 2783 &C.]
1877 2733 1990 2770 Crede

1185 2786 1271 2821 hanc
1288 2785 1485 2819 citationem
1507 2785 1553 2819 ita
1573 2787 1754 2835 progredi,
1771 2795 1809 2820 ut
1824 2782 1990 2820 inclusum

1185 2834 1305 2870 habeat
1321 2833 1461 2869 verbum
1478 2840 1596 2880 κορέσω.
1622 2837 1679 2870 An
1695 2833 1863 2882 quisquam
1880 2843 1922 2866 ex
1938 2834 1991 2868 vi·

1186 2885 1228 2919 ris
1245 2882 1353 2918 doc‘tis
1371 2908 1382 2927 ‚
1407 2883 1464 2929 qui
1492 2883 1535 2918 fic
1563 2884 1662 2919 multi
1688 2883 1725 2917 &
1739 2880 1836 2916 fausti
1854 2880 1991 2918 fuerunt

1187 2934 1222 2967 in
1238 2932 1342 2967 literis
1358 2931 1569 2967 restituendis
1586 2958 1599 2977 ,
1624 2933 1671 2967 ita
1694 2930 1725 2965 se
1743 2927 1841 2977 geffit
1858 2954 1870 2973 ,
1896 2940 1935 2965 ut
1950 2944 1990 2966 o-

1189 2980 1347 3015 stenderit
1362 2979 1393 3013 se
1408 2980 1606 3015 intellexisse
1620 2979 1679 3014 ista
1696 2979 1799 3013 verba
1814 3003 1826 3021 ,
1850 2987 1908 3012 aut
1926 2991 1989 3027 po-

1188 3030 1253 3064 tius
1277 3029 1495 3063 acrimoniam
1522 3030 1556 3064 in
1588 3027 1651 3062 illis
1677 3025 1857 3061 abditam?
1893 3028 1993 3063 Valla.

1187 3077 1291 3113 vertit
1306 3075 1487 3112 leffionem
1506 3084 1700 3124 corruptam
1719 3073 1792 3110 fittis
1814 3077 1992 3112 accurate?

1927 3124 1995 3162 Sed
