2112 3621
424 323 913 409 CTE

1715 259 1798 308 667

1047 323 1506 407 51AE

676 458 851 514 Htstorici
873 456 1055 512 antiquiss.
1076 456 1124 502 ὠν
1141 460 1264 511 optimi

141 551 979 640 NARRATIONES
1036 550 1804 640 ABBREVIATAE

301 699 362 742 De
381 700 486 743 rebus
508 697 557 744 ἀ
580 697 824 738 animantibus
844 698 882 736 in
906 695 1011 736 India
1027 698 1122 737 raris
1141 696 1188 741 <sy
1214 696 1435 740 admirandis
1450 726 1462 746 ,
1483 697 1500 737 ὲ
1519 698 1646 738 Graeco

750 754 789 792 in
809 751 989 793 Latinum
1014 752 1190 807 conversae

432 865 468 905 A
515 862 970 905 LAURENTIO
1018 862 1528 904 RHODOMANQ

497 1019 520 1041 Τ
532 1021 553 1042 E
566 1019 579 1041 s
590 1017 601 1041 1
613 1019 646 1041 [Ε
673 1007 877 1041 narrationes
898 1007 955 1042 In-

456 1053 466 1095 ‘,
496 1056 583 1090 dicae
601 1068 669 1089 uno
688 1056 955 1090 continenturli—

455 1114 468 1155 ‘N
496 1103 559 1139 bro
572 1118 579 1139 :
607 1105 640 1138 in
652 1104 772 1151 quibus
782 1105 888 1152 magis
900 1105 954 1138 Io-

436 1171 460 1193 (s
496 1154 571 1187 nica
580 1152 737 1187 Dialeeto
753 1154 870 1187 utitur.
899 1153 955 1187 De

430 1224 443 1244 μ,
498 1201 585 1236 Indo
612 1202 719 1235 fluvio
742 1213 954 1234 commemo-

498 1260 548 1284 rat
566 1275 578 1293 ,
611 1262 676 1296 qua
699 1248 891 1284 aretiffimm
925 1250 954 1283 ei

497 1298 629 1341 alveus,
645 1310 695 1332 XL
712 1297 892 1332 stadiorum
911 1298 955 1332 la-

150 1349 331 1385 titudinem
355 1345 502 1382 habere:
537 1359 602 1394 qua
628 1347 777 1381 maxime
799 1346 955 1390 diffultis,

148 1398 388 1433 ducentorum.
438 1393 541 1429 Indos
565 1394 722 1442 perhibet
753 1395 864 1443 plures
888 1395 956 1429 fere

150 1447 233 1491 effe,
250 1458 349 1494 quain
368 1442 513 1479 univerfi
532 1442 596 1478 fint
613 1444 781 1478 mortales.
809 1445 865 1478 De
882 1456 955 1478 vei·-

151 1496 199 1530 nii
215 1496 318 1530 etiam
336 1495 371 1528 in
387 1493 455 1527 hoc
472 1492 579 1526 fluvio
598 1494 669 1540 agit
686 1517 697 1536 ‚
722 1505 798 1540 quae
817 1492 882 1526 sola
898 1491 957 1526 be-

152 1543 288 1578 stiarum
306 1543 340 1577 in
357 1553 398 1576 eo
416 1539 577 1574 nascatur.
625 1541 733 1584 Quod
751 1541 838 1574 ultra
857 1539 958 1574 Indos

152 1592 236 1626 nulli
255 1590 410 1626 habitent
426 1587 631 1622 mortalium.
672 1588 778 1633 Qiod
798 1588 873 1622 Indi
889 1600 959 1622 non

154 1639 297 1687 pluviis,
322 1637 375 1672 sed
392 1637 498 1671 fluvio
515 1636 764 1671 hiimeetentur.
801 1637 857 1671 De
874 1637 958 1670 Pan-

153 1687 240 1722 tarbi
259 1686 370 1734 lapide
387 1684 540 1733 figillari:
568 1683 703 1731 &quod
726 1697 850 1719 Lxxvn
869 1684 959 1733 sigil-

153 1736 184 1770 la
201 1737 235 1771 &
253 1734 383 1783 lapillos
399 1731 561 1781 pretiosos
576 1732 612 1766 in
628 1732 770 1768 fluvium
789 1732 936 1781 dejeEtos
947 1757 958 1778 ‚

155 1785 233 1832 (qui
250 1782 462 1819 Baeti-iorum
486 1781 714 1829 negociatoris
732 1781 844 1824 fuere)
872 1783 960 1817 inter

154 1833 185 1868 se
202 1832 373 1867 consertos
391 1830 446 1865 ille
461 1831 658 1865 extraxerit.
685 1831 741 1865 De
759 1830 958 1878 elephantis,

155 1881 276 1929 quibus
292 1880 381 1915 muri
395 1878 622 1914 destruuntur.
649 1879 705 1913 De
722 1880 831 1926 parvis
843 1879 956 1922 simiis,

155 1930 276 1977 quibus
293 1942 329 1966 lv
346 1926 541 1963 cubitorum
559 1926 632 1961 sunt
650 1928 776 1962 caudae.
811 1928 867 1962 De
886 1928 958 1976 gal-

155 1978 193 2013 lis
208 1979 311 2027 longe
329 1977 494 2012 maximis.
523 1976 580 2010 De
596 1977 648 2010 avi
659 1975 825 2020 Pfittaco‚
843 1976 958 2025 lingua

155 2028 189 2062 δε
213 2039 299 2061 voce
323 2026 470 2060 hominis
494 2024 658 2072 praedita:
685 2025 740 2059 cui
757 2025 958 2073 magnitudo

154 2075 325 2122 accipitris
341 2099 353 2118 ‚
379 2085 547 2121 purpurea
564 2072 664 2108 facies
681 2072 714 2107 &
732 2074 828 2121 nigra
846 2073 957 2108 barba.

155 2123 228 2171 Ipsa
243 2133 354 2158 autem
374 2121 516 2156 caemlea
531 2121 578 2155 est
598 2146 609 2164 ‚
636 2121 675 2155 ad
692 2121 818 2155 collum
836 2122 958 2169 usquc,

154 2171 190 2206 ὃς
216 2182 300 2207 tunc
325 2169 496 2206 cinnabari
520 2169 673 2204 affimilis.
718 2169 959 2205 sermocinatur

154 2231 191 2255 ut
212 2221 318 2255 homo
339 2233 346 2254 ε
373 2218 426 2253 sed
445 2218 573 2252 Indice.
626 2219 751 2252 Gi‘aece
776 2220 876 2253 etiam
895 2244 906 2262 ‚
935 2219 957 2253 si

155 2270 281 2304 Graece
297 2268 390 2316 loqui
408 2267 576 2302 didicerit.
604 2267 660 2301 De
676 2267 770 2301 fonte
781 2268 857 2314 ‚qui
874 2280 958 2313 quo-

153 2318 262 2352 tannis
279 2316 408 2365 liquido
428 2328 509 2350 auro
533 2316 706 2363 repletur:
736 2316 824 2350 unde
841 2328 860 2350 c
880 2315 958 2350 fitu-

154 2365 196 2400 lae
212 2367 391 2414 quotannis
409 2363 563 2400 testaceae
580 2364 791 2399 hauriuntur.
818 2377 859 2398 ex
877 2364 958 2399 testa

155 2414 218 2448 effe
238 2424 376 2462 oportet
394 2427 400 2449 ε
426 2414 503 2461 quia
525 2414 613 2447 inter
637 2412 858 2447 hauriendum
876 2425 958 2447 con-

155 2463 287 2510 gelatur
302 2475 419 2497 aurum
430 2487 441 2506 ‚
467 2462 502 2496 δε
518 2461 688 2497 vasculum
706 2462 813 2509 frangi
831 2462 958 2496 neceffe

155 2511 223 2554 est,
249 2520 288 2546 ut
304 2522 421 2545 aurum
439 2510 611 2545 educatur.
645 2511 735 2545 Fons
751 2520 861 2544 autem
879 2522 958 2557 qua-

155 2559 362 2607 drangularis
376 2558 444 2603 est,
469 2558 599 2594 ambitu
614 2571 673 2594 xvi
691 2559 884 2594 cubitorum
896 2584 907 2601 ,
923 2558 958 2593 ἃ

155 2610 309 2656 orgyiam
336 2606 523 2654 profundus
549 2619 555 2640 :
590 2606 625 2640 &
648 2619 856 2655 unaquaeque
879 2619 960 2642 urna

156 2657 273 2692 talenti
291 2656 393 2690 habet
419 2655 546 2703 pondo.
593 2655 730 2705 fidhaec
755 2657 796 2691 de
814 2656 901 2690 ferro
926 2657 959 2690 in

155 2706 259 2740 fontis
275 2705 345 2739 imo
368 2718 374 2739 :
400 2703 490 2738 unde
512 2704 597 2738 duos
620 2703 651 2738 se
666 2704 796 2752 gladios
812 2705 958 2739 habuiffe

156 2753 285 2790 Ctesias
301 2752 404 2788 refert
421 2778 434 2796 ‚
457 2752 598 2788 alterum
615 2751 633 2787 ὲ
649 2765 728 2801 rege
745 2780 756 2798 ,
782 2754 922 2788 alterum
941 2752 959 2787 ξι

1005 1016 1111 1045 matre
1137 1006 1224 1053 regis
1250 1004 1450 1054 Prii-ysatide.
1493 1005 1534 1040 de
1560 1006 1656 1052 cujus
1678 1006 1810 1054 generis

1005 1055 1120 1103 gladio
1144 1055 1324 1089 confirmat
1342 1080 1353 1098 ‚
1387 1054 1478 1102 quod
1505 1055 1540 1088 in
1565 1064 1650 1089 terra
1677 1053 1809 1089 defixus

1009 1110 1015 1123 ¹
1039 1102 1143 1138 nubes
1160 1102 1194 1136 ἃ
1218 1104 1396 1151 grandines
1422 1102 1456 1136 ἃ
1483 1112 1603 1137 ventos
1626 1113 1760 1138 urentes
1775 1115 1810 1136 a-

1004 1161 1201 1186 verruncet:
1230 1151 1326 1198 seque
1343 1152 1410 1186 hoc
1430 1151 1534 1199 ipsum
1553 1151 1668 1187 vidiss'e
1684 1151 1810 1195 ait7bis

1005 1199 1024 1234 a
1049 1211 1129 1248 rege
1164 1199 1364 1234 tiie‘titatiim.
1416 1201 1472 1233 De
1499 1199 1634 1234 canibus
1662 1201 1808 1243 Indicis,

1006 1250 1098 1296 quod
1117 1248 1352 1296 magnitudine
1368 1248 1534 1282 excellant
1552 1272 1563 1291 ,
1590 1247 1625 1282 Sc
1643 1262 1722 1283 cuin
1738 1248 1809 1282 leo-

1007 1309 1049 1332 ne
1066 1298 1166 1332 etiam
1187 1297 1462 1344 congrediantur.
1489 1298 1545 1332 De
1564 1299 1694 1346 magnis
1711 1308 1810 1331 mon-

1006 1346 1096 1381 tibus
1111 1346 1200 1380 undc
1219 1345 1307 1380 sarda
1323 1344 1486 1380 effoditur
1504 1345 1538 1379 ἃ
1556 1358 1648 1394 onyx
1665 1371 1676 1387 ‚
1703 1346 1739 1380 ἃ.
1755 1345 1811 1380 alii

1008 1395 1180 1443 signatorii
1205 1394 1339 1441 lapides.
1389 1393 1496 1439 Qod
1517 1395 1633 1441 ingens
1649 1394 1696 1429 ibi
1714 1393 1811 1428 ficci-

1007 1453 1054 1478 tas
1072 1457 1078 1477 :
1107 1443 1140 1477 ὅ(
1157 1442 1202 1476 sol
1220 1442 1366 1490 decuplo
1382 1444 1490 1489 major
1504 1444 1657 1478 videatur
1672 1468 1683 1487 ,
1710 1454 1810 1490 quam

1007 1492 1077 1526 aliis
1094 1492 1128 1525 in
1145 1491 1239 1525 terris
1254 1516 1265 1534 ‚
1292 1490 1457 1537 multique
1473 1491 1555 1525 aestu
1572 1490 1620 1525 ibi
1643 1491 1810 1526 suffocen-

1008 1549 1074 1573 tur.
1101 1539 1147 1573 Et
1162 1551 1251 1573 mare
1268 1538 1393 1572 ibidem
1403 1539 1511 1573 nihilo
1520 1539 1700 1573 minusess‘e
1708 1540 1809 1574 Grae-

1009 1600 1069 1622 co:
1095 1587 1270 1634 superficie
1287 1589 1357 1634 ejus
1372 1588 1473 1634 usque
1495 1587 1535 1622 ad
1553 1600 1587 1622 iv
1603 1587 1730 1636 digitos
1744 1587 1809 1623 fer-

1007 1636 1094 1671 vida.
1136 1635 1286 1682 Ideoque
1310 1635 1433 1682 piscem
1459 1637 1589 1671 nullum
1614 1638 1671 1683 qui
1688 1636 1729 1671 ad
1744 1636 1810 1671 fer-

1008 1697 1125 1719 vorem
1142 1685 1281 1731 propius
1299 1684 1431 1719 accedit
1446 1710 1458 1728 ,
1483 1686 1597 1720 vivere
1614 1685 1706 1732 posse
1723 1698 1730 1720 ε
1755 1683 1811 1719 sed

1009 1734 1145 1768 inferius
1170 1745 1280 1781 agere.
1341 1732 1448 1775 Quod
1476 1734 1578 1768 Indus
1604 1735 1726 1769 fluvius
1750 1745 1812 1781 per

1009 1794 1146 1829 campos
1161 1781 1359 1825 decurrens,
1376 1792 1508 1817 montes
1523 1783 1624 1817 etiarn
1644 1784 1810 1830 permeet,

1009 1831 1043 1864 in
1059 1830 1179 1878 quibus
1205 1830 1350 1864 calamus
1372 1830 1516 1865 nascitur
1533 1843 1633 1877 quem
1652 1831 1810 1866 Indicum

1008 1889 1132 1914 vocant
1152 1892 1159 1913 ε
1185 1878 1325 1913 crassitie
1340 1904 1351 1922 ‚
1378 1890 1535 1925 quantam
1552 1880 1621 1914 bini
1640 1881 1725 1924 viri,
1750 1892 1810 1914 ex-

1009 1927 1107 1962 tenfis
1131 1928 1289 1975 utrinque
1313 1927 1457 1962 brachiis
1474 1953 1485 1972 ‚
1519 1928 1808 1976 complectantur:

1007 1976 1185 2011 altitudine
1208 1977 1310 2011 etiarn
1339 1976 1416 2010 mali
1442 1977 1476 2011 in
1503 1978 1578 2012 navi
1599 1990 1675 2024 quae
1700 1977 1811 2012 decies

1007 2025 1099 2059 mille
1123 2025 1277 2059 homines
1303 2026 1414 2059 vehat.
1466 2026 1553 2060 Sunt
1578 2035 1690 2060 tamen
1707 2027 1810 2061 etiam

1007 2074 1065 2120 qui
1083 2074 1317 2121 magnitudine
1334 2073 1488 2121 superent
1505 2073 1539 2108 o&
1557 2074 1719 2110 deficiant
1734 2091 1745 2116 3
1771 2084 1810 2109 ut

1008 2121 1239 2169 probabilecst
1256 2124 1288 2156 iii
1306 2121 1452 2169 spacioso
1470 2133 1598 2157 monte:
1627 2124 1717 2158 Sexu
1726 2136 1812 2170 quo-

1009 2183 1074 2217 que
1090 2170 1262 2205 distinctos
1278 2172 1340 2206 css'c
1356 2197 1367 2215 ,
1395 2172 1439 2205 ita
1457 2181 1495 2206 ut
1521 2184 1589 2206 mas
1606 2184 1673 2206 non
1689 2172 1810 2207 habeat

1010 2219 1189 2254 medullam
1207 2245 1218 2263 ,
1245 2219 1352 2267 fitque
1367 2218 1583 2255 validiss'imus
1597 2245 1609 2264 ‚
1634 2220 1687 2255 scd
1712 2221 1810 2256 femi-

1009 2280 1050 2301 na
1074 2268 1204 2302 habeat.
1255 2269 1310 2303 De
1329 2268 1538 2303 Martichora
1565 2269 1706 2316 quadam
1723 2271 1810 2304 inter

1010 2315 1095 2362 ipsos
1121 2316 1223 2351 bestia
1240 2341 1252 2360 ,
1276 2329 1352 2364 quae
1379 2317 1464 2352 facie
1488 2317 1662 2352 hominem
1687 2318 1809 2362 refert,

1008 2365 1042 2399 ἃ
1062 2365 1296 2413 magnitudine
1321 2366 1453 2400 leonem
1478 2377 1588 2414 aequat
1606 2391 1617 2410 ‚
1643 2366 1677 2401 ἃ
1693 2367 1809 2402 colore

1010 2419 1023 2433 ²
1047 2415 1151 2449 rutilo
1177 2414 1348 2449 cinnabari
1372 2415 1535 2449 imitatur.
1578 2420 1588 2440 ³
1612 2415 1752 2463 Duplex
1777 2416 1807 2450 ei

1008 2462 1160 2497 dentium
1179 2463 1284 2506 ordo,
1304 2476 1396 2498 aures
1411 2463 1446 2497 ἃ
1464 2463 1555 2498 oculi
1572 2463 1807 2508 liomiiiis‚co-

1007 2511 1078 2546 lore
1097 2510 1197 2546 caeslo
1217 2525 1222 2545 :
1251 2512 1389 2546 caudam
1414 2511 1516 2546 habet
1533 2537 1544 2556 ‚
1572 2512 1703 2559 qualem
1719 2512 1808 2547 scor-

1009 2561 1081 2608 pius
1097 2561 1133 2594 in
1148 2561 1275 2608 Epiro,
1302 2560 1420 2594 cubito
1438 2559 1657 2607 prolixiorem
1668 2585 1679 2604 ‚
1695 2561 1729 2595 iii
1745 2574 1809 2609 qua

1008 2609 1109 2643 etiam
1138 2610 1271 2644 aculeus
1294 2609 1388 2642 inest.
1427 2607 1623 2643 transversos
1648 2609 1749 2644 etiarn
1773 2612 1809 2645 in

1009 2657 1114 2692 cauda
1132 2658 1282 2692 stimulos
1302 2657 1402 2691 habet
1419 2657 1498 2692 hinc
1515 2657 1548 2691 ἃ
1560 2657 1662 2692 illinc.
1689 2658 1808 2694 adhaec

1007 2705 1042 2739 in
1059 2704 1189 2740 summo
1206 2705 1269 2740 fert
1285 2706 1449 2754 spiculum
1474 2718 1543 2740 non
1559 2705 1649 2741 secus
1665 2719 1703 2741 ac
1718 2707 1808 2743 scor—

1008 2753 1078 2800 pio.
1127 2754 1195 2789 Cui
1223 2754 1246 2788 si
1270 2755 1342 2801 quis
1368 2756 1646 2803 appropinquarit
1672 2756 1808 2792 stimulo

1288 2805 1311 2836 P
1321 2816 1342 2850 p
1352 2816 1405 2851 pp
1434 2815 1452 2838 2
1668 2808 1805 2854 pungit,

194 2887 348 2917 Mifithanc
360 2887 583 2915 L.Rh0d0mani
599 2886 753 2916 versionem
769 2887 801 2916 nd
818 2898 868 2916 nos
882 2889 923 2915 vii·
940 2887 1671 2918 ιιοὺῐῐῐεάἀοέὶυςικ1ε1.Ηηῐηιῐηςΐεῐάῐυεῦοῐάείὶυεε
1688 2902 1770 2929 quam
1785 2892 1803 2921 ss

157 2937 218 2954 cum
227 2925 351 2954 studiosis
359 2926 496 2963 utriusque
511 2926 734 2970 linguaepublice
749 2928 1019 2954 communicaremus
1030 2947 1036 2957 ,
1055 2925 1159 2954 fastum
1177 2926 1342 2970 nostrumxiis
1357 2926 1438 2955 facile
1452 2927 1637 2965 adprobatum
1650 2929 1681 2958 iri
1689 2930 1807 2959 confidi-

158 2974 229 2992 mus.

262 2968 346 3000 Juvat
361 2965 435 2992 enim
452 2966 693 3002 interpretationes
708 2966 778 2992 intei-
795 2965 819 2992 (ε
835 2964 961 2991 conferri·
978 2964 1123 2991 doctorum
1141 2965 1264 2992 virorum
1276 2987 1284 2997 ‚
1303 2975 1316 2992 :i
1333 2965 1431 3002 quibus
1447 2968 1500 2999 ian-i
1516 2967 1651 3004 triplicem
1662 2969 1697 2995 iia
1706 2968 1806 2997 horum

159 3002 318 3030 Indicorum
329 3003 535 3030 transsationem
546 3002 694 3034 habemus,
714 3013 763 3030 nec
778 3013 808 3029 ea
826 3014 866 3029 res
883 3003 970 3030 ‘'i-ueni
983 3011 1073 3033 caret,
1093 3013 1178 3039 quum
1196 3013 1264 3030 unus
1279 3013 1341 3030 raro
1356 3004 1447 3032 videat
1465 3014 1578 3037 omnia,
1596 3005 1640 3032 vel
1656 3005 1762 3044 semper
1776 3017 1808 3034 0«

159 3040 230 3066 ciose
242 3039 292 3067 hoc
301 3050 373 3078 agar,
391 3041 463 3068 Alias
479 3041 510 3067 ad
524 3042 558 3068 H.
568 3040 735 3077 Stephanum
753 3040 827 3067 suille
844 3041 1023 3068 nunsunllmn
1040 3040 1108 3068 lianc
1122 3040 1332 3069 conversionem
1343 3064 1351 3074 ,
1370 3042 1472 3070 indicio
1486 3043 1567 3070 nobis
1577 3043 1697 3074 eiusdem
1709 3055 1807 3073 manus

155 3078 250 3114 primis
257 3077 360 3106 duabus
370 3079 480 3116 pagellis
487 3079 632 3115 aliquoties
644 3080 669 3105 iri
679 3088 725 3105 ora
735 3079 766 3105 ad
773 3078 868 3115 polita.

199 3125 222 3141 i.
240 3114 351 3143 nebulas
365 3116 398 3143 ad
412 3128 478 3143 oram
491 3117 603 3153 adposuit
618 3120 655 3145 H,
666 3117 748 3153 Sti-pl).
789 3128 811 3145 2.
831 3117 913 3144 rubro
929 3119 960 3152 ἕρι
971 3116 1031 3153 ‘'89¹5-
1055 3115 1212 3154 adfiripscraz
1229 3119 1270 3145 H.
1285 3118 1367 3155 step-li.
1410 3129 1431 3155 3.
1453 3119 1566 3157 Triplex
1582 3120 1690 3154 φξίςιχοι
1705 3117 1807 3153 ἐδέγῖις,

154 3151 263 3181 monebat
276 3153 314 3180 liic
328 3156 364 3183 H.
379 3155 497 3191 Stephani
511 3166 607 3183 manus.
