2112 3621
305 260 382 300 822

305 329 398 362 niens
415 322 643 373 adjectivum,
659 322 695 356 &3
712 320 842 369 scripsit
859 319 989 362 Kuenajn
1009 325 1114 361 vffe&,

307 387 345 410 ut
360 375 407 409 est
424 374 458 407 in
478 373 557 407 MS.
576 384 646 406 non
663 381 797 406 tantum
814 370 1034 414 Florentiae,
1064 368 1116 404 scd

308 424 344 458 ὃ(
358 433 506 470 utroque
520 421 722 456 Britannico
740 419 830 468 apud
848 419 920 454 Th.
936 418 1035 454 Gale.

362 483 415 520 ξς,
430 483 484 518 24.
514 473 600 509 Μηδὲ
615 469 790 516 menania]
813 468 922 514 Qiod
940 479 1042 502 nemo
1057 479 1120 515 po-

313 518 380 556 tuit
403 521 557 569 cogitare
576 545 588 564 ,
614 520 649 554 in
673 530 743 554 tam
767 516 964 565 obsequioso
988 516 1124 551 silentio,

311 571 455 606 aliorum
472 595 483 614 ,
511 581 596 604 unns
620 569 701 603 huic
722 567 828 602 verbo
850 565 1056 601 contradicit
1082 578 1120 599 o-

312 620 440 668 ptimus
463 619 541 654 MS.
562 619 597 652 in
615 619 686 666 ejus
705 617 820 652 locum
843 627 1009 664 reponens
1026 614 1119 658 mss&-

313 672 417 715 μένειν.
453 667 493 703 Id
512 675 605 702 certe
622 679 663 701 eo
681 667 787 715 magis
808 666 938 700 mireris
961 673 1121 712 oportet,

314 719 393 765 quia
411 717 466 752 Cl.
487 717 607 752 Portus
624 726 808 763 utrumque
831 713 975 749 verbum
999 712 1121 747 nullius

315 765 408 814 pensi
426 765 546 801 habuit
567 765 789 813 neglexitque
806 764 841 798 in
856 763 1002 797 Lexico.
1054 759 1121 796 Sed

315 825 408 851 certe
418 814 592 850 Herodoti
607 813 714 849 lector
729 813 849 848 debuit
867 812 1044 860 cognitam
1062 810 1120 843 ha-

315 863 395 900 bere
409 863 637 899 differentiam
652 888 664 907 ,
689 875 754 911 qua
772 863 929 908 ωἱιμὲνετν
945 859 1123 907 usurpatur

314 914 350 949 in
367 912 612 962 exspect-amm
638 922 677 947 ut
691 911 783 958 4,89
813 908 946 951 Ε’νθοιῦῷἱ
962 910 1048 944 αὐτὼ
1067 921 1118 941 πε·

316 972 445 1008 elipeum
463 959 639 1009 ζώγνῦνίξῖς
663 963 683 994 ³1¹-
707 960 843 1005 ποἹικμόν.
877 971 915 1004 7,
933 956 975 1005 58
1011 960 1051 992 ἴς
1068 954 1123 990 τὼ)

313 1016 396 1057 αὐτῷ
412 1011 551 1059 προείρηἹο
569 1012 740 1055 ἀπικομένῳ
763 1010 920 1054 abluam
938 1031 949 1051 ,
976 1006 1034 1054 qui
1052 1004 1121 1039 sen-

314 1060 365 1095 sus
380 1061 462 1096 hinc
487 1059 612 1093 alienus
627 1058 676 1092 est
691 1083 702 1102 ,
729 1057 787 1097 ubi
814 1066 953 1091 notatur
969 1053 1122 1103 perseve-

314 1121 387 1144 rare
405 1109 440 1143 Sc
455 1119 591 1143 manere
606 1131 617 1150 ,
642 1107 736 1155 quod
750 1105 798 1141 est
814 1107 849 1140 in
864 1104 971 1141 verbo
990 1103 1122 1148 ωἵρᾳμὲ·

313 1174 367 1193 νειν
378 1182 390 1202 ,
416 1168 456 1193 ut
470 1169 562 1192 nunc
579 1155 721 1191 restituo
737 1180 749 1200 ,
776 1157 810 1191 &
831 1163 948 1190 tuetur
964 1153 1032 1201 ipse
1049 1152 1123 1186 He-

314 1207 456 1243 rodotus
472 1232 484 1251 ,
506 1215 582 1241 tum
605 1217 689 1240 mox
704 1203 859 1239 iterando
875 1227 886 1246 ,
912 1211 987 1237 tum
1003 1211 1124 1250 perpe-

315 1255 382 1292 tuis
397 1255 573 1303 exemplis.
607 1255 665 1290 Sic
680 1264 827 1301 cap.»30.
863 1251 918 1290 Καί
933 1262 989 1293 σφι
1007 1249 1066 1285 εἶδε
1086 1249 1121 1283 οἳ·

315 1321 395 1341 πασι
419 1309 508 1341 τέκνω
532 1301 712 1349 ὰλγῇαόμῆια,
737 1300 760 1338 ἒ
784 1302 878 1337 ποίνἹοο
902 1298 1121 1347 ωἵέφμεῖναιῗῗοι.

315 1365 416 1403 3,)-7,
446 1361 475 1388 Εἰ
493 1356 607 1389 αὐτοῖσι
623 1352 664 1388 τοὶ
679 1352 824 1399 ποιςεόιῗΙοι
839 1350 952 1396 ἁγαθαὶ
969 1353 1017 1384 οῖσι
1031 1349 1063 1384 τέ
1080 1351 1121 1384 έςι

313 1404 406 1439 πολῦν
422 1401 524 1449 χςένον
543 1401 724 1446 ιωθρριμὲνειν.
747 1412 786 1447 7,
799 1411 866 1446 170
896 1402 941 1433 Ου’
959 1401 1124 1443 θυναμὲνες

311 1451 367 1489 ὅτε
389 1457 458 1488 ἑλεῖν
477 1450 526 1485 ἔτε
622 1453 725 1494 μένων.
775 1446 914 1483 Deinde
939 1446 1065 1494 legitur
1087 1445 1124 1478 in

311 1501 435 1536 eodem
450 1499 586 1546 optimo
605 1497 686 1532 MS.
703 1496 873 1541 Συνθὲμενοι
891 1498 994 1529 ταῦτα
1003 1492 1125 1540 absque

313 1547 551 1596 interjectione
577 1544 627 1581 ὧν.
678 1546 732 1580 Ac
749 1544 822 1580 sane
848 1544 992 1578 nimium
1014 1541 1125 1577 brevis

313 1599 363 1634 est
380 1598 455 1633 haec
472 1594 747 1642 clausula,quam
764 1603 803 1629 ut
818 1593 944 1628 toleret
958 1604 1031 1627 eam
1050 1603 1123 1639 par-

312 1647 465 1684 ticulam.
500 1644 599 1680 Tum
619 1645 722 1679 etiam
741 1646 896 1689 ὲωκμὲνκς
912 1666 923 1686 ,
949 1654 1021 1677 non
1038 1646 1124 1676 ἑω-ω-

312 1700 419 1744 μὲνες,
429 1695 465 1731 &
479 1696 554 1744 ejus
568 1692 744 1742 scripturae
761 1692 859 1741 plura
875 1690 1036 1740 exempla
1051 1690 1124 1725 col-

314 1746 400 1796 legit
417 1746 550 1780 Portus.

363 1806 418 1844 33,
431 1805 484 1843 30.
509 1791 676 1839 Α’λκίνωρ.]
704 1789 784 1828 MS.
802 1789 957 1837 Α’λκῆνωρ.

365 1855 421 1893 33,
430 1855 489 1890 49.
515 1842 592 1884 Πάν
608 1840 645 1877 οἷν
661 1844 770 1888 &veiam
786 1838 1010 1885 oivmcbwvlou]
1039 1837 1126 1873 Cre-

313 1894 361 1930 do
377 1895 413 1929 in
428 1893 480 1928 his
497 1890 656 1928 voculam
674 1888 709 1925 οἶν
725 1889 800 1925 satis
815 1889 904 1937 saepe
923 1899 1124 1932 occurrere,

314 1952 355 1979 ut
370 1941 479 1978 lector
495 1953 563 1977 una
579 1952 692 1975 carere
708 1938 819 1987 poffit.
856 1937 912 1973 Ad
931 1938 1027 1985 cujus
1041 1936 1124 1975 sola-

314 1993 402 2028 tium
419 1991 519 2026 unica
536 1989 592 2025 illa
601 1988 775 2024 Herodoti
790 1987 940 2036 adjutrix
955 1985 1125 2022 membra-

317 2053 360 2076 na
382 2039 561 2076 secundam
586 2038 745 2074 voculam
769 2037 910 2073 testatur
925 2034 956 2070 se
980 2048 1048 2071 non
1072 2047 1124 2070 re-

314 2090 434 2138 periffe
459 2090 495 2124 in
512 2087 689 2123 codicibus
712 2087 871 2134 proxime
895 2094 1033 2121 aetatem
1052 2084 1126 2119 He-

315 2137 433 2174 rodoti
454 2136 584 2184 scriptis
600 2161 612 2179 ,
643 2135 788 2183 ideoque
813 2136 894 2170 hine
922 2133 1037 2169 omisit
1054 2157 1065 2176 ‚
1092 2134 1126 2170 ὅ(

314 2199 383 2236 ego
393 2185 510 2234 expuli
523 2184 641 2219 rursus.
668 2185 806 2220 Deinde
822 2183 940 2219 eadem
957 2183 1000 2219 τοὶ
1012 2183 1131 2226 evociulz'oo⁴

314 2236 431 2273 solutis
457 2234 494 2269 &
519 2234 661 2281 integris
690 2233 801 2268 verbis
816 2258 828 2277 ,
860 2245 931 2268 non
964 2232 1123 2272 roimvlt‘oo,

317 2284 412 2334 quod
427 2283 584 2332 vulgare:
613 2281 700 2317 ficut
715 2281 818 2316 etiam
833 2292 875 2316 ex
891 2282 962 2330 ejus
977 2280 1126 2317 auetori-

315 2343 387 2372 tate
403 2332 548 2379 suscepi,
567 2343 644 2379 quae
661 2330 702 2365 ad
720 2342 792 2365 oras
810 2339 906 2364 erant
922 2329 963 2365 ab
981 2330 1126 2378 Stepha-

314 2395 362 2419 no
379 2381 554 2431 conjecta,
571 2380 735 2418 ὸνέςεῶτων
754 2379 790 2414 &2
805 2378 938 2418 ἥλωσαν.

368 2443 494 2481 34,19.
520 2427 788 2476 Πειρησοέμῦἰυῶυθ
804 2427 955 2474 ςξ9ιῖιῆς]
986 2427 1051 2462 His
1069 2439 1127 2462 ne-

316 2491 485 2532 quaquam
517 2479 682 2528 congruit
721 2477 961 2525 interpretatio
996 2476 1128 2520 Vallae,

317 2543 395 2580 quae
406 2539 521 2565 totum
540 2529 609 2564 hoc
625 2526 729 2562 refert
743 2526 785 2562 ad
801 2527 1127 2573 exercitum,quum

319 2581 397 2616 haec
412 2579 539 2614 Graeca
553 2577 700 2612 referant
717 2575 759 2610 ad
768 2576 920 2625 Cyrum,
936 2574 973 2609 &
989 2574 1128 2622 quidem

317 2640 422 2679 prave
439 2653 451 2672 ,
475 2637 515 2662 ut
536 2625 604 2662 scio
623 2638 667 2661 ex
691 2626 828 2672 optimo
853 2624 933 2660 MS.
960 2624 1018 2671 qui
1042 2636 1129 2672 prae—

321 2678 421 2714 stanti
447 2675 661 2711 correetione
686 2674 721 2709 id
746 2673 834 2709 sanat
852 2699 864 2718 ‚
892 2677 1130 2720 Πειςησοιμὲνης,

321 2725 498 2774 quomodo
513 2723 728 2760 scribendum
743 2733 838 2758 certe
854 2722 902 2758 est
917 2748 929 2767 ,
956 2733 1019 2756 nec
1036 2721 1130 2757 vide—

322 2786 379 2812 tur
415 2775 450 2809 in
482 2774 582 2810 aliam
617 2771 802 2808 leffionem
834 2771 985 2806 incidisse
1010 2770 1108 2806 Valla
1119 2795 1130 2814 ,

321 2835 425 2873 quem
441 2822 630 2857 defendunt
646 2833 784 2869 quoque
803 2820 939 2856 codices
958 2820 1130 2855 Britanni-

322 2874 355 2909 ci
377 2870 467 2918 apud
486 2871 559 2906 Th.
577 2870 676 2906 Gale.
727 2871 847 2918 Itaque
871 2870 973 2904 etiam
995 2868 1130 2916 probari

322 2920 426 2958 debet
443 2920 614 2966 προεχώρεε
626 2944 637 2962 ,
664 2919 757 2967 quod
774 2920 809 2953 in
825 2931 867 2953 eo
883 2918 1011 2965 legitur
1025 2942 1037 2961 ,
1063 2929 1132 2952 non

324 2968 533 3019 προσεχώςεε,
559 2968 652 3014 quod
668 2968 754 3002 male
772 2967 816 3002 fic
836 2976 1007 3001 mutatum
1026 2965 1084 3000 est.

378 3030 434 3067 34,
451 3027 505 3063 λγ.
533 3019 568 3050 0‘
582 3013 941 3060 wey‘req&ssoem>t605.]
971 3014 1005 3048 Si
1026 3014 1050 3047 is
1067 3015 1133 3059 pri-

325 3083 400 3106 mus
417 3066 483 3103 fuit
491 3065 673 3113 Lydorum
693 3062 869 3105 1·cx‚bcnc
885 3061 943 3096 est.
972 3061 1037 3096 Sed
1056 3062 1132 3096 MS.

323 3115 540 3155 Florentinus
566 3116 580 3148 δ
609 3112 753 3159 πρότερον
776 3110 949 3155 βασιλόὶἵς,
976 3119 1013 3146 ut
1037 3110 1133 3158 plane

326 3165 484 3216 expressit
501 3163 604 3199 etiam
616 3161 725 3197 Valla.

578 252 752 309 JAC.
827 249 1328 295 GRONovil

1144 324 1149 355 1

1402 247 1679 291 NOTAE

1223 330 1277 367 34,
1292 318 1344 366 38.
1371 319 1424 355 Καὶ
1438 322 1509 364 μετ’
1524 319 1611 354 αὐτὸν
1629 318 1746 365 almon]
1779 318 1918 368 Opinor
1935 317 1980 353 fic

1174 367 1370 415 loqueretur
1393 368 1446 402 vel
1471 368 1703 416 ineptiflimus.
1739 369 1817 403 MS.
1836 370 1891 407 Καὶ
1912 372 1980 402 κατ’

1176 418 1285 460 admi,
1312 427 1350 450 ut
1373 415 1463 451 edidi
1486 417 1778 466 &interpretatus
1799 417 1881 453 sum.
1933 418 1981 452 Er.

1175 466 1297 500 deinde
1313 467 1371 500 ἔτι.)
1387 467 1427 505 -δὴ
1443 466 1569 512 Σάρδιές
1587 482 1618 502 τε
1629 492 1640 510 ,
1668 466 1703 500 &
1718 467 1856 502 videtur
1867 467 1980 502 Hero-

1174 514 1275 550 dotus
1285 514 1344 549 ista
1352 514 1494 549 secunda
1505 516 1627 550 vocula
1641 526 1725 550 tunc
1735 528 1848 550 carere
1857 515 1981 551 noluis-

1175 563 1206 598 sc
1222 589 1233 607 7
1259 574 1297 599 ut
1321 575 1357 609 4,
1380 562 1446 609 184
1478 563 1607 603 *s'zlannbv
1625 564 1642 608 {j
1662 562 1722 598 ἕτω
1747 565 1784 604 δή
1807 581 1836 600 τι
1854 566 1981 612 λέγεῗσα.

1175 626 1210 657 9,
1220 617 1276 659 65‘.
1296 616 1381 647 Οὕτω
1392 614 1430 651 sn*
1445 612 1547 649 minim
1567 614 1585 645 ei·
1605 612 1691 647 αὐτόν
1703 612 1808 658 κόσμον
1822 614 1982 659 ἷιαἹηγὲεἹο.

1229 673 1346 709 34,43.
1376 665 1413 695 ἵν
1423 667 1462 708 τῇ
1477 661 1512 696 ὦν
1529 661 1703 708 παρελθέσῃ
1715 662 1875 710 AEbiws'qc]
1893 662 1982 697 Non

1176 711 1281 745 miror
1306 711 1452 746 editores
1478 711 1597 745 harum
1624 710 1839 746 historiarum
1863 712 1984 758 nequi-

1177 759 1255 794 viss‘e
1270 759 1439 794 discedere
1454 760 1495 794 ab
1513 772 1600 794 voce
1617 771 1687 794 tam
1703 757 1853 808 benigna
1868 759 1983 795 lauda-

1176 818 1276 855 taque
1298 820 1368 842 non
1385 809 1420 843 in
1436 807 1566 856 scriptis
1584 808 1712 853 modo,
1737 809 1791 844 sed
1804 811 1876 857 jam
1893 821 1982 857 quo-

1176 858 1290 903 quein
1307 858 1474 901 nummis,
1497 868 1537 892 ut
1556 858 1721 906 produxit
1737 858 1828 893 And.
1846 858 1983 894 Morel-

1177 905 1248 940 lius.
1288 905 1383 950 Qua
1399 916 1512 941 tamen
1529 907 1636 942 abeffe
1662 906 1703 941 ab
1721 908 1772 942 his
1790 907 1900 943 Mufis
1921 908 1982 943 de-

1176 954 1234 989 bet
1255 951 1485 989 'contumacia
1515 966 1573 990 aut
1606 956 1768 991 violentia
1783 982 1795 1000 ,
1828 956 1983 994 sustinuit

1177 1005 1369 1053 Stephanus
1392 1003 1489 1039 fateri
1507 1026 1519 1047 ,
1546 1004 1628 1051 quid
1645 1005 1822 1040 invenisset
1839 1007 1874 1041 in
1890 1006 1984 1042 libris

1176 1052 1326 1102 scriptis,
1343 1065 1412 1088 uno
1430 1053 1484 1088 vel
1500 1053 1607 1087 altero
1625 1053 1678 1087 vel
1696 1053 1870 1102 pluribus,
1886 1067 1984 1091 nem-

1178 1115 1220 1151 pe
1236 1104 1355 1145 ὀδεςοῑ,
1381 1103 1415 1138 &
1433 1102 1544 1137 statim
1569 1112 1719 1137 mentem
1736 1102 1884 1139 advertit
1899 1105 1986 1141 Por-

1178 1163 1231 1187 tus
1248 1178 1259 1197 ‚
1285 1152 1326 1187 ad
1345 1164 1468 1187 vocem
1488 1153 1621 1186 Εὐθίωίᾱ
1642 1151 1788 1188 scribens
1816 1152 1902 1200 [ubi
1920 1167 1985 1203 pro

1179 1203 1308 1236 AEolwi'oe
1323 1200 1481 1237 scribitur
1494 1200 1534 1235 ad
1553 1202 1743 1249 marginem
1758 1201 1883 1251 ‹sves-013]
1902 1215 1986 1251 qua-

1180 1250 1201 1285 fi
1220 1264 1290 1286 non
1307 1249 1530 1300 unusquisque
1556 1249 1589 1284 id
1606 1251 1679 1285 satis
1693 1250 1825 1288 videret
1842 1251 1913 1300 ipso
1931 1254 1984 1289 in-

1176 1299 1323 1336 dicente.
1347 1301 1445 1350 Ergo
1463 1311 1527 1334 nec
1546 1309 1658 1334 tacere
1674 1302 1790 1347 potuit
1804 1302 1876 1337 Th.
1891 1302 1985 1338 Gale

1177 1349 1238 1397 [ln
1247 1351 1401 1399 margine
1410 1350 1472 1386 stat
1484 1349 1596 1391 682on
1606 1350 1701 1397 cujus
1718 1349 1848 1386 όῢθῑωία
1858 1351 1907 1386 est
1921 1363 1983 1387 ex-

1175 1398 1327 1446 plicatio.
1355 1400 1447 1438 ἄὲεςῶ
1462 1397 1569 1434 dictio
1584 1397 1631 1432 est
1651 1398 1769 1434 Ionica
1783 1411 1827 1434 ex
1846 1400 1982 1435 Demo-

1177 1448 1265 1482 crito
1282 1448 1316 1483 &
1332 1449 1402 1483 aliis
1417 1446 1516 1492 nota]
1530 1447 1587 1483 Sic
1596 1446 1710 1482 scribit
1719 1459 1884 1496 quantum
1894 1449 1983 1495 vult,

1176 1508 1246 1530 non
1256 1507 1420 1542 quantum
1429 1496 1551 1544 potest,
1571 1496 1692 1530 Potuit
1700 1498 1791 1532 enim
1800 1497 1926 1546 aliquid
1936 1497 1983 1533 sa-

1177 1544 1216 1579 lis
1232 1543 1431 1593 adspergere
1449 1557 1491 1579 ex
1518 1543 1589 1591 ipso
1606 1545 1881 1594 Herodoto,qui
1906 1547 1984 1583 reli-

1178 1593 1253 1641 quit
1268 1605 1305 1638 9,
1316 1592 1372 1639 84.
1389 1595 1644 1642 Ε’παιχννομὲνες
1661 1597 1700 1638 τῇ
1709 1596 1853 1630 dmm-qs
1864 1595 1986 1642 μάχης,

1177 1655 1320 1690 eamque
1328 1654 1452 1678 vocem
1469 1641 1568 1677 novit
1576 1640 1700 1675 AEmil.
1708 1642 1806 1677 Porti
1813 1642 1987 1689 Lexicon,

1178 1691 1233 1727 sed
1257 1692 1325 1726 loci
1349 1691 1584 1741 defignatione
1606 1702 1667 1738 per
1688 1702 1848 1727 numeros
1871 1702 1988 1738 caret,

1179 1742 1275 1790 cujus
1284 1740 1364 1776 faeti
1383 1740 1597 1776 occasionem
1612 1741 1757 1788 ignoro,
1768 1740 1804 1775 δε
1820 1741 1903 1776 hinc
1913 1753 1988 1777 eam

1179 1791 1321 1826 retinuit
1340 1790 1541 1825 Plutarchus
1560 1790 1595 1824 in
1612 1789 1681 1825 fine
1702 1789 1745 1825 de
1763 1790 1986 1839 Malignitate

1179 1839 1284 1875 nostri
1310 1839 1482 1888 scriptoris
1501 1850 1578 1887 pag.
1597 1837 1678 1886 872.
1732 1838 1847 1874 Etiam
1871 1840 1990 1888 potuit

1178 1888 1301 1925 addere
1312 1888 1440 1936 aliquid
1450 1888 1492 1923 de
1508 1887 1654 1923 lectione
1671 1887 1819 1924 duorum
1835 1888 1990 1925 MSSto-

1180 1951 1256 1974 rum
1275 1937 1348 1974 satis
1364 1938 1536 1974 bonorum
1555 1954 1566 1979 3
1593 1949 1657 1972 nec
1675 1937 1794 1986 utique
1811 1937 1989 1987 indigebat

1180 1987 1381 2023 Herodotus
1405 1986 1635 2034 explicatione
1651 1986 1722 2021 tali.
1765 1986 1847 2022 Hoc
1862 1988 1988 2030 miror,

1180 2049 1243 2072 cur
1257 2037 1321 2072 viri
1336 2036 1419 2072 boni
1438 2036 1484 2072 fic
1507 2035 1721 2071 destituerint
1736 2035 1894 2070 Lexicon
1911 2035 1987 2070 He-

1180 2085 1400 2121 rodotearum
1411 2097 1538 2121 vocum
1554 2097 1596 2119 ex
1611 2084 1732 2120 codice
1741 2083 1917 2127 Goldasti,
1927 2082 1987 2118 ubi

1181 2136 1310 2183 legitur
1323 2144 1479 2183 pag.745
1492 2147 1499 2168 :
1512 2134 1611 2173 Εὐεςῆ.
1629 2136 1645 2172 »ἰ
1661 2132 1832 2179 ώημερλω,
1844 2132 1988 2174 &ie-regia

1184 2189 1267 2231 (pro
1293 2183 1460 2224 AEevnejm)
1495 2185 1511 2222 η’
1532 2185 1650 2220 nands-n
1674 2186 1700 2216 “2²'-
1724 2185 1792 2216 ὲτῶν
1819 2181 1986 2227 Qywyn'.

1184 2231 1356 2278 Aiovssutxvclc
1372 2231 1443 2266 οἶνώ
1463 2229 1485 2270 ξ
1502 2246 1519 2265 c
1537 2229 1645 2275 κοίφᾴ.
1673 2230 1730 2264 An
1745 2229 1780 2264 id
1799 2231 1894 2277 parvi
1912 2242 1987 2265 mo-

1184 2282 1291 2317 menti
1306 2280 1396 2329 apud
1410 2279 1490 2315 istos
1504 2279 1571 2323 est,
1589 2278 1623 2314 δε
1639 2278 1726 2313 nihil
1741 2277 1782 2313 ad
1799 2278 1987 2314 incenden-

1181 2331 1242 2366 dos
1258 2342 1314 2365 eos
1338 2329 1447 2364 facere
1473 2329 1588 2377 potuit
1610 2328 1741 2363 mentio
1758 2326 1884 2362 laudati
1903 2327 1987 2363 olim

1182 2379 1410 2415 Grammatici
1422 2404 1430 2420 ³
1457 2390 1495 2413 ac
1511 2377 1672 2412 sententia
1689 2376 1846 2412 notabilis
1863 2377 1898 2411 in
1915 2377 1988 2411 exi-

1184 2428 1306 2464 menda
1321 2428 1417 2463 litera
1431 2426 1605 2462 fibilante?
1621 2426 1762 2461 Scilicet
1778 2424 1989 2474 spreverunt,

1184 2479 1262 2526 quia
1279 2477 1362 2516 όῢετῆ
1378 2487 1421 2510 ex
1438 2475 1586 2523 ipsorum
1606 2474 1771 2510 sententia
1789 2474 1874 2509 nihil
1889 2484 1991 2522 pote·

1184 2537 1235 2562 rat
1249 2525 1422 2561 conficere
1444 2523 1531 2559 bene
1547 2524 1724 2559 Gitecum.
1774 2523 1865 2558 Haec
1884 2524 1989 2570 igitur

1184 2576 1299 2610 omnia
1320 2575 1354 2609 in
1373 2573 1592 2621 tranquillum
1619 2573 1752 2622 redigat
1775 2570 1988 2608 sanetiffimus

1184 2623 1316 2668 codex,
1341 2622 1376 2657 &
1394 2622 1511 2657 Graeci
1527 2622 1687 2657 sermonis
1702 2622 1860 2657 notitiam
1871 2646 1882 2666 ,
1907 2631 1988 2667 pro-

1184 2683 1225 2709 ut
1247 2672 1289 2708 ad
1307 2683 1367 2706 nos
1381 2671 1547 2718 --pervenit
1563 2696 1574 2714 ,
1601 2683 1782 2720 augeamus
1800 2668 1988 2718 pulcherri-

1187 2735 1241 2757 ma
1259 2732 1346 2756 voce
1364 2719 1480 2763 ὢετοῖ,
1507 2731 1610 2767 prout
1629 2721 1664 2755 in
1674 2719 1856 2755 Herodoto
1871 2717 1987 2765 legen-

1186 2771 1267 2806 dum
1283 2768 1347 2804 effe
1363 2768 1487 2816 probat
1502 2768 1558 2803 ille
1574 2769 1686 2804 Heros
1701 2781 1744 2803 ex
1757 2766 1940 2802 Florentia.

1239 2828 1358 2866 34,44.
1384 2817 1422 2851 Τὸ
1440 2822 1496 2852 πᾶν
1517 2823 1543 2853 ἐς
1559 2818 1658 2853 {misdi
1676 2813 1873 2858 ἐπεποιήκεε]
1903 2814 1988 2849 Pro-

1188 2877 1226 2903 ut
1242 2864 1414 2901 anteceffit
1425 2866 1543 2910 Valla,
1571 2865 1616 2901 fic
1636 2865 1784 2913 sequitur
1797 2861 1833 2896 ὅ(
1844 2862 1990 2910 Stepha-

1188 2928 1249 2951 nus
1267 2915 1522 2962 interpretando
1535 2927 1590 2960 pro
1607 2915 1753 2955 viribus,
1777 2911 1880 2945 etiam
1893 2911 1988 2946 AEm.

1189 2966 1311 3000 Portus
1328 2988 1339 3006 ,
1366 2962 1401 2996 ἃ
1423 2963 1458 2997 in
1483 2961 1699 2998 monstrando
1722 2959 1781 2994 usu
1805 2960 1939 2995 voculae
1965 2967 1991 2997 ἐς

1190 3014 1274 3048 citat
1298 3012 1390 3046 hunc
1415 3011 1531 3047 locum
1548 3037 1560 3056 ,
1586 3009 1642 3045 ubi
1668 3015 1694 3045 ἐς
1720 3008 1820 3043 {wib-532
1844 3020 1992 3056 ponatur

1192 3074 1253 3109 pro
1271 3060 1302 3095 τὸ
1319 3064 1349 3094 ὸν
1370 3065 1487 3104 ἑαυτῷ,
1506 3057 1660 3106 quicquid
1677 3059 1711 3090 in
1727 3058 1762 3102 se
1782 3069 1851 3091 erat
1867 3082 1878 3100 ,
1895 3060 1993 3103 fecit.

1189 3111 1307 3144 Omnia
1324 3121 1386 3154 qna
1404 3113 1506 3155 potnit
1522 3133 1534 3153 ,
1555 3119 1610 3152 pro
1627 3106 1750 3140 viribus
1760 3106 1858 3151 fecit.
1884 3108 1941 3142 An
1957 3107 1994 3142 ἃ.

1948 3154 1993 3190 sic
