2112 3621
319 243 398 297 858

606 236 778 292 JAC.
846 232 1352 276 GRONOVII

1430 229 1707 274 NOTAE

319 303 588 343 Psammetichus
604 303 730 338 dicitur
748 301 961 351 inquisivisse.
988 302 1134 350 Optime
1161 294 1164 316 ¹
1190 297 1326 334 suerunt
1350 298 1585 342 documenta3
1609 296 1804 354 *praesertim
1830 309 1937 346 quum
1964 297 2001 333 ὃζ

323 352 465 403 proinde
481 353 676 388 membrana
694 352 851 387 Medicea
868 350 1014 386 ostendit
1023 352 1135 385 Hero-

321 403 446 438 dotum
462 400 621 450 scripfiffe
635 402 729 448 μηδὲν
746 405 850 437 οἱντίαν.
879 401 936 436 Sic
952 398 1082 448 prorsus
1098 413 1135 434 o-

322 452 416 487 mnia
431 449 473 486 ab
488 451 534 486 cis
551 460 789 495 removentur,
811 462 955 497 eumque
972 449 1066 484 fuiffc
1082 449 1135 484 vel

319 499 564 537 Psammetichi
581 501 635 536 vel
653 499 823 536 Herodoti
849 498 976 534 sensum
993 498 1132 534 manife-

319 548 371 586 ste
386 548 534 598 probant
558 549 633 585 haec
651 548 822 597 sequentia
841 553 871 586 ἂν
888 552 962 596 ςὲγῃ
982 550 1071 596 ἐρήμῃ
1090 552 1133 583 ἐπ’

321 601 435 636 Ξωῦτᾰῖν
451 599 557 642 κὲεοθζζ.

370 648 432 694 83,
443 661 500 694 27.
527 649 580 688 Ka)
595 645 658 683 vlu)
674 646 758 696 cui-'glou
784 650 950 694 ἐπαγινέειν
978 650 1062 688 σφίσι
1085 644 1132 678 αᾶ·

319 697 415 745 γαί]
440 698 498 733 De
516 697 584 732 hoc
600 696 706 733 verbo
722 700 889 742 ἐπαγινέειν
906 695 1003 731 valde
1025 694 1133 729 solici-

318 756 375 782 tus
390 746 457 782 fuit
467 745 702 791 Portus,adeo
718 756 756 781 ut
773 747 807 780 in
824 745 958 780 Lexico
973 755 1042 778 non
1060 752 1132 777 tan-

319 805 397 830 ttun
420 795 455 830 id
479 795 625 832 ostentet
649 796 748 840 loco,
775 806 876 843 quem
895 792 1042 842 postulat
1064 792 1132 839 pri-

320 856 378 880 ma
399 843 523 894 syllaba
542 871 554 890 ,
580 844 633 880 sed
650 846 752 881 etiam
778 845 813 880 in
834 852 984 892 cognato
1002 846 1133 886 A'mya-

320 896 402 930 νέων.
453 894 597 930 Interim
615 894 683 930 hoc
708 893 756 929 est
780 894 920 928 unicum
938 890 1134 937 exemplum

321 943 397 978 e’us
411 943 595 992 compositi
610 945 645 978 in
664 943 865 987 Herodoto,
892 941 947 976 cui
965 950 1035 975 tam
1054 937 1134 992 den-

320 956 354 1027 fii
371 1002 441 1028 erat
457 992 591 1028 occafio
606 991 723 1039 saepius
739 990 930 1026 adhibendi.
959 988 1053 1023 Hinc
1071 998 1134 1034 Igl-

319 1048 377 1076 tur
396 1041 552 1077 existima
568 1039 604 1075 8(
621 1040 713 1088 quod
740 1041 866 1089 legitur
891 1038 979 1073 clare
994 1037 1028 1071 in
1045 1035 1136 1083 opti—

322 1101 382 1124 mo
401 1091 482 1126 MS.
498 1089 610 1136 {ndydv
630 1100 687 1129 σφι
711 1087 807 1133 abac
826 1116 834 1129 ,
861 1086 953 1136 quod
978 1084 1136 1139 prtetuli,

322 1150 432 1187 quum
454 1138 491 1174 &
506 1138 696 1187 Stephanus
722 1151 765 1173 cx
791 1136 854 1173 suis
870 1137 977 1172 MSS.
1002 1143 1136 1170 noverit

323 1187 542 1238 posueritque
557 1188 592 1223 in
617 1189 780 1237 margine.
821 1186 887 1222 Sed
904 1185 958 1220 illa
973 1183 1034 1219 τῑα)
1049 1182 1133 1238 ὥρίῳ

325 1249 390 1272 nec
406 1246 527 1272 notant
541 1239 574 1272 in
588 1245 739 1283 tempore,
764 1245 803 1271 ut
819 1235 938 1278 Valla,
967 1245 1030 1268 nec
1046 1240 1135 1268 certis

325 1287 528 1331 temporibus,
545 1295 584 1320 ut
596 1286 643 1320 H.
655 1285 844 1333 Stephanus
860 1285 1135 1332 interpretantur,

326 1333 382 1369 sed
398 1335 533 1383 proprie
558 1334 600 1369 de
617 1334 750 1383 vespera
774 1332 934 1382 usurpant
959 1344 999 1367 ac
1024 1343 1134 1366 coena.

327 1382 438 1428 Qlod
454 1384 501 1419 est
518 1383 648 1419 tritum.

360 1431 435 1477 -89,
449 1445 477 1467 1.
504 1430 668 1471 Πλήσοωᾶ
678 1431 695 1475 5*
707 1428 934 1476 §yolmn‘fflss
947 1428 1032 1463 Satis
1041 1435 1136 1463 com-

287 1505 290 1509 ·
326 1479 430 1515 moda
444 1480 485 1514 ad
498 1478 758 1526 intelligendum
775 1479 904 1521 oratio,
932 1476 955 1511 fi
972 1476 1137 1525 suppone-

325 1539 362 1563 re
384 1528 465 1562 licet
486 1540 593 1563 unum
626 1526 840 1562 solummodo
864 1525 1032 1575 pastorem
1057 1537 1139 1560 eun-

326 1575 472 1624 demque
487 1576 588 1612 istum
596 1601 608 1621 ,
618 1577 673 1611 cui
682 1577 764 1612 Rex
780 1575 814 1611 id
830 1577 1050 1624 imperaverat
1059 1600 1072 1619 ,
1081 1586 1139 1609 cu-

327 1635 480 1661 raturum
499 1625 656 1674 puerulos
674 1637 735 1674 per
755 1626 928 1674 integrum
943 1624 1139 1668 biennium,

329 1675 378 1710 ita
394 1684 433 1710 ut
448 1687 550 1711 nemo
567 1675 648 1710 alius
663 1675 774 1710 vicem
790 1676 861 1721 eius
878 1673 1048 1713 interdum
1063 1672 1139 1708 sub-

330 1734 395 1758 eat.
429 1724 535 1760 Certe
552 1723 643 1773 quafi
660 1723 693 1758 id
711 1736 779 1759 non
794 1719 842 1758 ita
859 1722 957 1759 facile
976 1722 1048 1758 fieri
1066 1720 1140 1770 pos-

330 1772 378 1808 set
393 1783 452 1809 aut
466 1773 605 1818 soleret,
630 1771 714 1808 scito
731 1774 766 1807 in
782 1773 917 1821 optimo
937 1772 1016 1808 MS.
1033 1771 1140 1807 exsta-

332 1834 370 1857 re
384 1822 572 1867 πλήσανᾶς,
588 1832 626 1858 ut
643 1835 733 1857 nunc
750 1822 830 1867 iste,
853 1834 944 1857 nunc
959 1821 1015 1857 ille
1030 1820 1142 1869 pastor

332 1883 390 1907 eos
406 1873 527 1907 nutriri
543 1881 686 1908 curaret.

384 1922 445 1966 89,
456 1932 486 1956 ζ.
512 1922 643 1957 Emis-270
659 1920 680 1957 ᾧ
692 1918 874 1967 manda]
902 1919 984 1956 MS.
1001 1921 1096 1955 ἐποίεέ
1109 1933 1142 1954 τε

337 1969 362 2007 ἒ
379 1975 456 2006 em.
473 1970 584 2005 multo
599 1969 732 2005 reetius.

386 2020 485 2063 89,8.
513 2020 662 2066 B{nn&.]
691 2020 782 2053 Ante
797 2018 911 2053 omnia
934 2017 1015 2065 poni
1033 2016 1090 2051 hic
1105 2029 1143 2050 o-

334 2077 451 2116 portet
465 2067 566 2103 verba
589 2067 767 2103 doetiffimi
786 2067 946 2102 Mauslhci
963 2067 997 2101 in
1016 2065 1143 2102 Diss‘er-

337 2116 465 2152 tatione
481 2116 522 2151 ad
531 2118 838 2165 Harpocrationem
847 2128 926 2165 pag.
939 2116 1002 2164 358
1017 2113 1144 2162 [Qod

334 2173 448 2200 autem
466 2165 618 2214 Phryges
634 2178 755 2214 panem
781 2165 825 2201 fic
845 2165 997 2201 vocitent
1013 2191 1024 2210 ,
1052 2174 1146 2213 patet

335 2225 380 2249 ex
391 2213 560 2249 Herodoti
577 2215 736 2262 Euterpe.
765 2215 868 2249 Hunc
883 2213 1038 2259 consule,
1054 2224 1093 2249 ut
1108 2212 1145 2248 &

336 2272 541 2298 enarratores
559 2263 733 2311 Apollonii
748 2263 882 2298 Rhodii
897 2263 938 2298 ad
955 2263 1038 2299 illud
1054 2263 1145 2309 lib.4

336 2311 528 2360 Al‘gonaut.
547 2313 623 2347 θὸτι
641 2315 673 2348 δέ
699 2327 747 2347 πω
764 2318 886 2347 Δαναῶν
903 2313 972 2360 ιἐςόν
991 2313 1083 2359 W&
1097 2310 1145 2353 ἦεν

337 2364 442 2397 οὶκὲσοιι
462 2384 474 2402 ,
498 2360 636 2396 Comici
654 2359 864 2396 scholiastem
881 2360 922 2396 ad
937 2373 1060 2396 vocem
1077 2371 1145 2396 Βεκ-

338 2411 489 2446 neceam
500 2409 555 2450 ,δί
566 2409 702 2445 Suidarn
718 2410 788 2445 ead.
804 2422 901 2446 voce.
927 2409 1077 2445 Adverte
1090 2422 1147 2446 ve-

340 2471 380 2494 ro
395 2457 555 2507 quosdam
572 2459 819 2507 (33n‚qt10sda1n
837 2462 940 2503 ffln&
956 2459 1011 2495 vel
1026 2462 1148 2502 &2:³⁶ch-

341 2507 502 2555 scribere]
533 2508 626 2543 Hinc
643 2509 756 2545 videat
764 2509 836 2544 Th.
847 2509 1064 2557 Gale,quam
1081 2522 1150 2544 non

345 2567 463 2602 notet,
489 2569 566 2605 quae
583 2558 701 2607 ignota
715 2557 800 2593 sunt.
828 2559 956 2607 Neque
969 2571 1050 2598 vero
1066 2571 1150 2606 quo-

346 2607 437 2642 niam
461 2606 587 2643 scholia
608 2607 668 2642 ista
689 2606 837 2643 scribunt
862 2610 921 2646 βεκ
936 2632 948 2650 ,
973 2607 1049 2643 ideo
1064 2607 1151 2643 istud

346 2668 425 2692 vere
440 2657 631 2705 Phrygium
646 2656 694 2691 est
709 2681 720 2700 ,
747 2655 783 2691 &
798 2656 899 2692 altera
913 2655 1034 2704 syllaba
1052 2656 1151 2692 Grae-

349 2716 388 2739 ca
397 2721 408 2747 3
426 2717 502 2753 quae
518 2704 584 2753 ipsa
600 2705 708 2741 for-fian
724 2706 883 2751 quoniam
900 2705 964 2741 fuit
979 2705 1153 2755 conjectu—

349 2765 385 2788 ra
400 2754 543 2789 auCtoris
558 2753 692 2789 illorum
712 2755 936 2800 scholiorum,
959 2768 1060 2790 unam
1077 2768 1151 2791 mo-

348 2801 395 2836 do
419 2801 575 2850 syllabam
593 2803 720 2852 scripfit
746 2803 819 2839 sane
844 2814 970 2839 temere
995 2804 1031 2839 &
1054 2805 1153 2840 nimis

349 2850 440 2895 sero,
465 2864 569 2899 quum
580 2853 777 2888 Herodotus
792 2853 931 2889 testetur
945 2853 1039 2888 fuiss'e
1055 2852 1154 2902 bisyl-

350 2899 509 2935 labicum.
548 2900 721 2936 Caeterum
742 2903 775 2937 in
792 2903 872 2938 MS.
894 2902 1055 2937 Mediceo
1070 2903 1153 2951 legi-

352 2958 408 2983 tur
425 2948 513 2991 βεκές
527 2973 538 2991 ,
564 2950 655 2995 quod
672 2961 794 2997 prztter
810 2949 1019 2997 I-Iesychium
1036 2951 1154 2986 habuit

352 3009 488 3045 quoque
506 2997 621 3032 Suidas
646 2999 680 3032 in
705 3000 852 3033 editione
868 2998 1066 3043 Basileensi,
1092 3013 1154 3034 nec

351 3047 447 3081 aliter
470 3046 594 3094 legitur
620 3047 653 3080 in
673 3048 748 3081 MS.
767 3047 961 3094 Exemplari
980 3047 1078 3091 huius
1095 3049 1152 3082 Bi-

349 3095 534 3132 bliothecae
560 3095 775 3131 Academica:
791 3121 803 3141 ,
836 3108 866 3144 qt
874 3108 912 3130 1ae
940 3092 1028 3131 milu‘
1047 3097 1153 3131 valida

1191 348 1381 395 Stephanus
1397 349 1431 384 in
1447 348 1509 384 suis
1534 350 1580 383 ita
1606 349 1771 383 invenerit
1787 373 1799 392 ‚
1823 357 1861 382 ut
1878 348 2001 395 opinor

1191 399 1280 446 typis
1290 396 1407 431 vitiose
1423 397 1690 446 exprimentibus
1707 398 1796 433 κεκός.
1824 398 1929 432 Paulo
1942 409 2000 430 an-

1191 455 1225 480 te
1242 446 1416 494 legebatur
1435 450 1586 493 dvoi'yovra‘
1608 462 1642 482 τε
1659 446 1720 480 τίω)
1737 450 1772 482 3.
1792 445 1851 481 ubi
1867 445 1949 480 illud
1967 461 1999 479 τε

1191 496 1325 543 ignorat
1342 494 1452 530 codex
1468 496 1638 543 optimus,
1656 495 1692 530 δε
1709 495 1827 530 habuit
1839 494 1999 530 Herodo-

1190 554 1242 579 tus
1258 543 1388 579 causam
1405 544 1598 580 omittendi.

1237 592 1296 638 89,
1310 595 1364 628 28.
1391 597 1501 630 Αύτέων
1512 592 1642 639 εἵνεκεν]
1672 592 1750 628 MS.
1766 592 1926 640 praeclare
1943 598 2000 628 αὖ·

1189 647 1260 677 τέων
1276 648 1382 679 rme-cuv
1399 644 1499 678 εἵνεκεν
1517 668 1529 686 ‚
1555 641 1591 677 ὃ(
1607 640 1718 676 nescio
1745 654 1787 675 :m
1812 653 1882 676 non
1899 643 2000 679 Valla

1190 691 1223 725 id
1242 691 1407 727 habuerit.
1450 692 1508 727 Sic
1525 691 1561 727 &
1576 701 1673 726 antea
1689 691 1768 725 auxi
1784 702 1827 725 cx
1849 690 1926 725 MS.
1943 698 2000 727 τῶν

1189 743 1264 786 ἱρέων
1287 740 1309 779 {5
1327 739 1492 783 Η“φκὶςκξ
1510 750 1541 777 ῑιν
1560 745 1696 787 Μέμφι,
1712 751 1819 788 quum
1835 740 2001 787 posterius

1188 788 1271 823 illud
1289 789 1308 828 ἑ
1325 791 1432 839 vulgo
1449 791 1636 839 ignoretur.

1238 836 1298 881 89,
1318 849 1370 884 31.
1407 842 1525 885 Aiyovf)
1544 838 1703 885 Αἰγυπῖἷων
1723 836 1788 874 εῖναι
1814 838 2001 886 λογιμώτα-

1189 884 1269 931 τοι.]
1305 885 1435 922 Nescio
1458 900 1500 923 an
1522 887 1614 923 recte
1637 888 1801 923 verterint
1817 914 1828 933 ‚
1847 888 2001 934 fhruntur

1189 934 1410 979 AEgjptitrum
1423 935 1622 981 fhlertiffimi.
1673 937 1716 973 In
1731 937 1918 973 Herodoto
1933 937 2005 974 f1·e-·

1190 982 1401 1029 quentisfime
1417 993 1603 1019 occurrunt
1618 983 1722 1030 ἅνδῷες
1737 987 1866 1031 λόγιμοι
1882 987 1937 1023 vel
1947 999 2001 1023 λο-

1191 1031 1374 1076 γιμώτοίῘοι,
1399 1033 1502 1067 etiam
1520 1032 1612 1071 πόλις
1629 1033 1756 1079 λόγιμος
1770 1058 1782 1076 ‚
1809 1036 1912 1071 etiam
1929 1038 2004 1084 ἴεςςὲ

1190 1079 1322 1126 λόγιμοι.
1363 1081 1431 1116 Sed
1446 1081 1532 1117 nihil
1549 1083 1584 1118 in
1599 1082 1646 1117 eis
1663 1082 1712 1117 est
1728 1081 1798 1118 hoc
1814 1083 2003 1122 intellectu.

1191 1129 1296 1164 Certe
1313 1128 1423 1166 verbis
1439 1130 1538 1166 libril
1552 1143 1626 1180 cap.
1643 1142 1720 1180 143.
1749 1132 1855 1180 0⁵52ss
1870 1134 1913 1181 μνῖ
1923 1137 2003 1177 Α’Θῑὶ-

1189 1177 1297 1221 mstis}
1310 1180 1378 1216 έδέν
1394 1180 1463 1216 dno
1479 1182 1620 1227 πόλισμα
1635 1181 1779 1231 λόγιμον,
1788 1195 2002 1235 nequaquam

1187 1228 1322 1264 solertia
1346 1228 1507 1276 applicari
1531 1231 1667 1279 poffer,
1692 1243 1799 1281 quum
1822 1245 1943 1283 agatur
1958 1236 2003 1273 de

1190 1279 1344 1327 potentia
1360 1278 1396 1312 &
1413 1277 1547 1314 robore.
1600 1280 1720 1328 Itaque
1736 1295 1800 1319 nec
1817 1283 1885 1331 ipse
1900 1286 2002 1322 Valla

1190 1327 1237 1363 ibi
1253 1327 1420 1363 solertiam
1437 1327 1576 1363 indicari
1594 1330 1739 1365 credidit
1750 1344 1877 1380 ,quum
1894 1335 2000 1370 inter-

1189 1387 1342 1425 pretetur
1356 1378 1441 1412 nulla
1457 1378 1528 1412 urbs
1543 1380 1610 1412 alia
1624 1380 1747 1425 infignis
1761 1391 1840 1416 emt.
1873 1383 2000 1420 Forsan

1190 1425 1312 1460 reetius
1330 1442 1341 1467 3
1369 1425 1423 1460 sed
1439 1425 1577 1474 infignis
1602 1428 1750 1463 multum
1773 1430 1873 1466 distat
1889 1432 1931 1468 ab
1947 1432 2001 1468 so-

1189 1473 1283 1508 lerte.
1300 1474 1575 1520 Iterumquehoc
1589 1476 1678 1512 lib.2
1694 1490 1768 1525 cap.
1776 1481 1835 1521 98.
1853 1487 1969 1519 Τετέων
1981 1483 2003 1528 {3¹

1191 1525 1208 1562 ἡ
1217 1524 1271 1568 μὲν
1284 1522 1419 1557 meum
1428 1524 1501 1557 ἐῖσαι
1514 1528 1630 1568 λογίμη
1651 1525 1717 1569 (fic
1731 1529 1824 1562 enim
1840 1530 1911 1567 illic
1920 1530 2000 1566 scri-
2018 1550 2021 1552 ·

1191 1571 1244 1607 bit
1259 1571 1271 1614 )
1295 1571 1401 1614 πόλις,
1425 1570 1555 1605 Harum
1570 1572 1693 1606 urbium
1708 1576 1865 1618 Anthylla
1880 1592 1946 1624 quae
1959 1582 2002 1627 est

1191 1622 1323 1667 infigm‘s.
1351 1621 1407 1655 Ut
1416 1631 1459 1654 ex
1468 1619 1520 1654 his
1529 1620 1696 1668 exemplis
1710 1619 1784 1658 sane
1793 1636 1894 1671 quam
1905 1627 2002 1665 claris

1193 1669 1398 1705 existimatio
1405 1668 1559 1704 facienda
1568 1667 1609 1705 fit
1618 1669 1653 1704 in
1661 1669 1746 1706 locis
1755 1697 1767 1717 ,
1775 1672 1836 1709 ubi
1845 1677 2004 1715 nonnihil

1193 1718 1296 1754 dubia
1309 1718 1418 1754 videri
1435 1717 1548 1766 potest
1564 1717 1783 1769 significatio.
1826 1719 1884 1759 Sic
1901 1725 1960 1761 lib.
1982 1739 1998 1763 1

1194 1780 1268 1816 cap.
1283 1780 1361 1816 171.
1386 1768 1424 1802 Τό
1438 1767 1570 1810 Καωκδν
1589 1767 1633 1803 lu?
1648 1769 1742 1813 k‘Ov&
1758 1774 1965 1819 λογιμώτρίΙογ
1976 1780 2004 1812 ²3

1194 1819 1292 1854 ἐθνέων
1310 1815 1462 1861 οἱποένΊων,
1486 1817 1546 1853 ubi
1559 1827 1699 1854 vertunt
1709 1821 1830 1856 Caricae
1839 1826 1940 1870 gentis
1952 1828 2003 1860 in-

1189 1867 1402 1914 geniostffimae.
1443 1865 1615 1913 Qamvis
1630 1869 1721 1905 enim
1737 1869 1909 1920 sequentia
1932 1874 2002 1921 (ibi

1194 1926 1370 1963 narrantur
1391 1916 1455 1952 tria
1471 1915 1621 1964 ipsorum
1647 1919 1785 1955 inventa
1800 1946 1813 1967 ,
1839 1921 1926 1959 ficut
1942 1925 2002 1959 Sa-

1195 1965 1283 2001 mios
1297 1964 1386 2000 alibi?
1392 1966 1440 2002 ait
1454 1964 1566 2001 fecifl'e
1581 1967 1645 2002 tria
1661 1970 1828 2010 maxima)
1856 1971 2002 2018 faciant,

1196 2024 1233 2049 ut
1248 2014 1383 2050 tolerari
1402 2014 1478 2050 istic
1492 2015 1730 2064 interpretatio
1746 2019 1803 2054 illa
1819 2021 1918 2067 poffit
1927 2037 1939 2062 3
1949 2021 2001 2055 ni-

1195 2063 1380 2099 hilominus
1403 2076 1446 2100 ex
1472 2064 1542 2100 aliis
1568 2076 1707 2114 apparet
1725 2067 1898 2103 Herodoti
1912 2070 2002 2105 hanc

1195 2123 1345 2148 mentem
1360 2125 1430 2148 non
1453 2111 1570 2158 fuisse,
1595 2127 1661 2149 nec
1677 2124 1746 2151 tam
1773 2116 1813 2151 ad
1840 2128 1877 2151 ea
1892 2116 2003 2165 respe-

1194 2163 1276 2197 xiffe
1293 2188 1303 2206 ,
1328 2174 1429 2210 quam
1453 2161 1493 2196 ad
1519 2174 1657 2198 ornnem
1684 2165 1754 2211 ejus
1779 2166 1892 2213 gentis
1913 2179 2002 2214 pra:-

1197 2211 1349 2247 stantiam
1366 2223 1404 2246 ac
1421 2210 1556 2246 famam.
1582 2211 1748 2248 Similiter
1763 2214 1921 2250 hocloco
1930 2226 2002 2252 tam

1196 2261 1327 2298 laudata
1350 2269 1536 2309 argutaque
1564 2261 1719 2296 omnium
1748 2263 2002 2312 AEgyptiorum

1197 2311 1332 2360 ingenia
1357 2309 1560 2345 obumbrare
1593 2322 1661 2345 non
1694 2311 1830 2347 videtur
1862 2313 2004 2350 voluiss'e

1199 2359 1398 2396 Herodotus
1423 2357 1569 2406 palmam
1595 2359 1820 2408 Heliopolitis
1841 2361 1917 2397 solis
1941 2364 2004 2398 tri-

1199 2409 1336 2446 buendo
1346 2434 1357 2453 ‚
1383 2420 1488 2456 quum
1505 2408 1623 2456 utique
1637 2409 1672 2444 in
1687 2409 1901 2457 sequentibus
1916 2411 2002 2448 nihil

1199 2460 1412 2508 praecipuum
1422 2456 1646 2506 Heliopoleos
1663 2469 1794 2502 narret,
1818 2458 1871 2495 sed
1890 2462 2003 2496 omni-

1201 2521 1259 2544 um
1276 2507 1539 2556 Aigyptiorum.
1570 2507 1688 2555 Itaque
1701 2521 1808 2556 quum
1825 2510 2003 2558 ingenium

1202 2556 1360 2593 omnibus
1376 2556 1555 2604 AEgyptiis
1580 2555 1620 2592 fit
1645 2567 1784 2593 acutum
1800 2584 1812 2603 ,
1838 2568 1913 2595 tum
1929 2557 2003 2608 pos-

1202 2607 1277 2643 sunt
1293 2607 1328 2641 in
1344 2617 1413 2640 uno
1430 2605 1543 2652 aliquo
1557 2604 1720 2654 superasse
1734 2607 1881 2655 reliquos
1890 2609 2003 2656 AEgy-

1204 2657 1294 2703 ptios
1310 2653 1543 2701 Heliopolitae.
1584 2655 1693 2702 Quod
1709 2656 1846 2692 videtur
1860 2656 2005 2692 extitisse

1204 2707 1240 2741 in
1256 2704 1351 2740 cultu
1370 2702 1557 2738 liberalium
1572 2706 1695 2739 artium
1705 2730 1716 2749 ,
1733 2718 1772 2741 ac
1788 2704 1928 2754 proinde
1943 2717 2004 2740 ex-

1204 2753 1343 2791 osculari
1368 2763 1501 2800 cogor,
1526 2753 1618 2800 quod
1635 2754 1720 2789 mihi
1744 2752 1898 2802 suggeffit
1923 2754 2003 2790 MS.

1205 2802 1373 2852 optimus,
1384 2801 1574 2846 λογιώταἹοι.
1602 2802 1642 2838 Id
1659 2803 1749 2838 enim
1765 2814 1853 2837 nunc
1870 2803 2003 2850 agitur,

1205 2863 1327 2899 nempe
1349 2851 1391 2885 dc
1407 2850 1544 2886 historia
1561 2851 1598 2886 δί
1613 2851 1809 2901 cognitione
1824 2853 2004 2898 antiquita-

1206 2904 1247 2937 tis
1281 2899 1501 2948 lEgyptiaeae
1519 2926 1530 2944 ‚
1563 2901 1604 2936 ab
1638 2899 1845 2946 temporibus
1878 2898 2006 2937 scilicet

1207 2949 1453 2996 Psammetychi
1473 2966 1483 2991 3
1510 2962 1584 2985 cam
1609 2951 1655 2984 ait
1670 2946 1866 2983 Herodorus
1891 2948 1921 2984 sc
1945 2964 2004 2986 vo-

1206 2999 1299 3035 luisse
1321 3009 1455 3045 quoque
1477 2999 1518 3034 ab
1543 2997 1759 3043 Heliopolitis
1784 2996 1907 3032 dut-cre
1933 3009 2006 3035 tan·-

1205 3059 1304 3096 quam
1323 3047 1469 3080 maxime
1485 3049 1520 3082 in
1544 3059 1581 3081 ea
1599 3044 1740 3080 venatis.
1792 3057 1813 3080 A
1830 3049 1904 3092 7&
1921 3050 2003 3096 quin

1205 3098 1305 3132 etiam
1322 3096 1456 3141 proprie
1476 3095 1656 3132 Herodoto
1672 3093 1807 3130 historia
1823 3121 1835 3139 ,
1862 3097 1949 3133 unde·
1967 3097 2003 3132 &

1945 3147 2008 3195 ipli
