2112 3621
1701 129 1718 139 a

265 210 374 240 1000
440 195 560 254 JAC.
591 193 785 237 GRON.
816 191 1015 235 NOTAE
1042 190 1128 232 ET
1155 189 1278 232 OBS.
1309 190 1380 233 IN
1410 190 1642 234 HEROD.
1673 193 1771 237 Lm.
1799 194 1877 236 IX.

262 265 303 299 ἃ,
317 264 466 301 derivata
482 265 553 310 eius
569 260 689 296 afferre
705 270 774 295 tam
792 261 895 295 varias
912 258 1118 302 notationes,

265 314 303 349 &
318 315 399 350 huic
416 313 496 348 loco
513 324 573 360 per
588 310 661 345 {iane
677 321 856 358 congruas.

317 371 402 410 553,
421 373 478 408 23.
507 367 546 396 οἱ
562 361 594 405 ὣ
611 356 817 405 Ε’λωένῑιοι]
852 358 906 393 Ita
921 368 1027 405 quum
1044 368 1124 404 pro-

266 412 367 450 cedat
376 411 523 447 Graecus
533 407 752 451 Herodotus,
769 406 803 441 id
819 418 888 441 non
904 406 1032 454 placuit
1043 406 1125 440 Val-

261 462 312 499 ]ae
335 460 373 495 &
395 460 467 495 aliis
498 457 687 494 editoribus
704 481 717 498 ‚
749 455 908 491 consensu
946 454 1126 503 porrigen-

265 509 360 547 tibus
377 508 412 544 id
428 520 555 544 nomen
573 507 756 542 Elaeuntini.
791 505 873 541 Nec
890 504 992 539 video
1009 503 1127 538 aucto·

266 560 404 595 ritatem
421 583 434 603 ‚
460 569 560 606 quarn
587 556 767 603 sequantur
786 580 798 598 ‚
829 565 935 602 quum
962 553 1127 601 Epitomc

267 608 438 656 Stephani
461 619 532 642 non
555 602 714 653 agnoscat
736 602 828 638 aliud
850 602 980 651 gentile
1004 611 1128 650 praeter

266 657 454 698 E’noeazs'ca&
470 680 483 700 ,
509 654 545 689 ὅ(
572 656 607 688 in
629 652 814 688 Herodoto
840 652 882 687 ab
909 650 999 687 Aldo
1024 650 1127 698 usque

266 706 402 754 semper
416 704 549 740 editum
565 702 668 738 fuerit
685 711 788 750 prout
804 701 905 736 citavi
921 725 933 745 ‚
960 699 1052 747 quod
1069 698 1128 734 ab·

267 755 353 791 hinc
369 754 495 803 opinor
510 751 648 788 cessizbit
658 776 670 795 ‚
694 763 800 798 quum
815 759 928 797 pateat
944 747 1055 783 codex
1070 759 1128 783 ve·

267 803 466 841 tustiffimus
491 802 528 837 &
548 799 754 837 fidelissimus
769 799 954 834 Florentiae
970 822 983 841 ‚
1007 798 1042 831 in
1058 809 1127 844 quo

268 853 446 902 perspicue
471 852 600 901 legitur
622 848 784 887 Ε’λοαέσιοι
801 874 813 894 ‚
839 858 877 883 ut
899 851 984 884 Muic
1003 848 1127 882 Mvz'eioc

267 911 373 939 etiam
391 902 575 938 Herodoto
590 904 626 944 6,
639 900 670 933 8.
985 945 991 951 η

320 963 401 999 554,
415 963 426 987 1
440 964 468 987 1.
496 954 615 987 Α”ὶλοισι
627 946 791 993 asadiam]
822 948 862 982 In
878 946 930 980 his
947 954 1049 979 etlam
1064 956 1126 979 VO-

268 1001 366 1038 cibus
389 1000 468 1036 finit
493 997 667 1046 exemplar
693 995 894 1031 Mediceum
913 1020 925 1038 ‚
948 992 1126 1042 subjiciens

266 1049 511 1086 tantummodo
538 1049 596 1084 has
620 1057 722 1081 voces
739 1044 775 1078 &
799 1046 857 1081 has
882 1042 1004 1079 deinde
1030 1051 1126 1078 notas

264 1101 505 1136 z-rPOAo‘ror
534 1098 726 1135 ιοτοΡιςῑΝ
742 1099 784 1132 ’ὅ

342 1158 368 1185 Χ
379 1158 403 1185 x
414 1158 438 1184 H
447 1158 472 1183 Η
483 1157 510 1184 n
521 1154 532 1182 1
665 1145 733 1181 five
747 1144 789 1179 ad
806 1142 1042 1191 quaterniones
1060 1139 1125 1188 fig-

265 1199 395 1238 nandos
413 1224 426 1244 ‚
450 1196 506 1234 seu
532 1193 697 1245 quidquid
722 1195 825 1230 etiam
849 1191 931 1227 illud
957 1189 1008 1225 fit.
1058 1189 1126 1226 Sed

264 1247 490 1296 Tanaquillus
504 1245 614 1282 Faber
630 1242 739 1292 Epist.
755 1242 878 1296 Crine.
896 1248 991 1295 parte
1013 1250 1027 1272 1
1047 1250 1127 1293 pag.

266 1313 314 1348 30
324 1298 490 1336 desiderat
504 1297 561 1331 hic
578 1293 662 1343 poni
677 1300 791 1327 totum
807 1300 1017 1338 principium
1024 1300 1124 1336 quin-

264 1362 334 1398 que
353 1346 502 1383 verfibus
524 1343 678 1380 constans
692 1367 704 1386 ‚
731 1340 810 1388 quia
833 1336 1018 1386 Dionysius
1042 1336 1122 1391 Hal.

262 1397 431 1447 scripserit
447 1395 538 1430 idem
554 1393 691 1428 initium
702 1417 710 1430 ,
727 1387 873 1424 eundem
891 1386 996 1440 finem
1009 1385 1120 1439 *h1sto-

263 1449 327 1483 riae
349 1444 560 1482 Herodoteae
582 1440 677 1475 fuisse
693 1465 701 1478 ,
727 1436 819 1485 quod
847 1434 949 1470 hodie
973 1435 1070 1469 ahter
1087 1433 1119 1469 se

261 1496 407 1538 habeat,
433 1492 474 1527 ad
490 1487 774 1535 Cn.Pompejum
791 1486 827 1519 in
836 1482 1008 1530 Epistola:
1038 1482 1118 1542 ’153ss

261 1547 338 1582 αότδ
355 1541 511 1588 wastin&
530 1553 562 1574 τε
582 1542 606 1586 ιζ,
625 1536 708 1583 ἀρχῆ
723 1538 747 1586 2}
765 1536 927 1587 vssan'sl
947 1533 974 1568 ἰς
990 1538 1118 1575 ι’ςορμις,

261 1593 353 1630 unde
370 1588 550 1628 concludit
567 1588 631 1623 alia
645 1587 749 1620 etiarn
767 1581 925 1619 excidisse
941 1593 984 1616 ex
1003 1580 1118 1615 Hero-

261 1643 348 1678 doto
366 1657 378 1685 5
405 1650 446 1675 ut
467 1637 598 1674 facilius
619 1634 773 1671 obtineat
796 1630 941 1680 potuisse
956 1629 1120 1685 nonnulla

259 1704 306 1727 ex
320 1703 391 1726 uno
407 1688 496 1725 libro
510 1686 567 1723 vel
583 1686 662 1720 loco
680 1681 852 1731 transponi
869 1680 905 1715 in
921 1679 1036 1734 alium.
1064 1679 1117 1715 O-

260 1742 364 1792 pinor
378 1735 521 1788 perinde
535 1735 686 1772 validum
703 1733 772 1768 hoc
788 1730 852 1785 esse
867 1728 1040 1784 speeimen
1050 1752 1061 1772 ‚
1078 1740 1117 1764 ac

261 1789 428 1840 posterius
444 1787 488 1822 de
504 1783 684 1831 Heliopoli
696 1809 704 1822 ,
731 1780 824 1829 quod
842 1791 878 1813 m
895 1777 982 1813 libro
999 1777 1117 1812 secun-

261 1839 307 1875 do
324 1837 472 1874 vidimus
486 1859 498 1879 ‚
523 1844 582 1870 aut
605 1830 696 1881 quod
714 1830 855 1867 tertium
879 1826 1020 1882 adhibet
1037 1838 1115 1875 pag.

259 1901 308 1933 70
325 1887 367 1924 de
382 1881 636 1927 Alabastris,de
653 1892 718 1929 qua
734 1878 818 1915 urbe
833 1876 955 1932 didicit
970 1887 1013 1911 ex
1023 1875 1115 1911 Her-

261 1937 376 1973 molao
394 1935 731 1979 citationem‚quum
748 1938 864 1964 tamen
879 1925 927 1960 nil
942 1924 1009 1960 tale
1025 1924 1115 1972 apud

259 1985 483 2022 Herodotum
505 1983 617 2031 legere
643 1977 848 2015 meminerit.
897 1975 939 2010 In
955 1974 1035 2029 loco
1055 1986 1114 2009 au-

261 2046 333 2071 tem
349 2031 510 2081 Dionysii
526 2057 538 2077 ,
564 2030 623 2078 qui
641 2039 742 2065 notus
755 2026 843 2062 bene
865 2024 932 2060 fuit
954 2023 1025 2058 alus
1039 2047 1052 2068 ,
1078 2022 1115 2058 δε

259 2084 343 2120 solet
358 2081 525 2131 praemitti
552 2080 587 2115 in
603 2076 805 2114 testimoniis
823 2074 970 2121 antiquis
985 2072 1027 2107 de
1047 2073 1117 2127 hoc

260 2133 419 2177 auctore,
444 2139 484 2165 ut
501 2129 542 2164 ab
553 2127 666 2163 Fabro
687 2137 758 2160 non
775 2124 968 2167 excitetur,
985 2120 1047 2156 etfi
1063 2121 1118 2156 illc

259 2181 403 2230 scriptus
428 2178 469 2214 fit
488 2190 560 2213 non
584 2174 713 2224 oppido
731 2173 819 2209 clare
837 2172 873 2207 ὃς
900 2170 1119 2220 simpliciter,

260 2229 390 2280 aliquid
405 2227 671 2264 animadvertere
680 2223 807 2272 poteris
822 2234 865 2257 ex
883 2220 952 2256 fine
961 2230 1119 2255 notarum

257 2284 300 2320 ad
321 2278 450 2317 librum
462 2291 483 2321 7
500 2276 536 2312 ὃς
546 2277 579 2321 8,
590 2275 623 2310 in
637 2272 759 2322 quibus
776 2270 884 2308 forsan
900 2269 934 2305 id
943 2268 985 2304 fit
1001 2270 1120 2304 etiam-

262 2328 470 2380 num‚quod
486 2323 671 2375 Dionysius
687 2321 767 2358 Hal.
784 2321 934 2356 testatur.
985 2319 1118 2355 Verum

260 2395 306 2419 ex
321 2394 365 2417 eo
385 2391 455 2416 non
471 2375 594 2426 probes
611 2384 655 2409 ex
671 2370 855 2409 Herodoto
873 2368 984 2416 aliqua
1000 2366 1119 2404 omiss'a

779 2564 833 2630 F
953 2563 985 2626 I

1107 2561 1183 2629 N
1305 2559 1335 2623 Ι

1182 257 1247 292 effe
1259 283 1270 301 ‚
1289 270 1366 305 quae
1386 257 1428 294 ad
1445 259 1620 303 historiam
1636 260 1707 304 eius
1722 260 1925 310 explendam
1940 261 2044 309 perti-

1183 305 1307 341 nebant
1325 323 1338 349 3
1365 306 1419 343 sed
1443 316 1580 344 tantum
1597 302 1717 345 scribas
1742 308 1901 345 censuisse
1918 321 2044 357 nequa-

1186 366 1288 401 quam
1303 368 1388 404 opus
1405 356 1489 402 effe,
1502 366 1542 394 ut
1558 368 1794 407 repeterentur
1801 357 1918 394 eadem
1929 357 2044 403 verba,

1184 404 1218 438 ὅ(
1229 415 1305 451 quae
1324 406 1358 439 in
1369 404 1437 440 fine
1452 407 1684 443 antecedentis
1700 407 1777 443 libri
1795 407 1907 456 posita
1923 407 2043 452 essent,

1184 454 1387 489 iterarentur
1402 454 1437 488 in
1453 455 1625 509 principio
1640 455 1816 504 sequentis.

1234 502 1294 537 An
1310 501 1347 537 ὃ(
1367 502 1427 538 ista
1442 515 1538 538 mens
1558 505 1661 540 fuerit
1677 505 1750 540 Th.
1766 505 1933 541 Gatakeri
1945 530 1957 550 ‚
1983 517 2042 541 ne-

1185 550 1253 586 scio
1270 566 1282 593 3
1310 551 1363 586 sed
1383 561 1420 587 ut
1436 550 1516 587 scias
1530 551 1612 600 quid
1628 552 1792 601 scripserit
1807 553 1849 589 ad
1865 554 1952 589 hanc
1968 566 2041 590 rem

1187 602 1357 648 pertinens
1375 626 1386 645 ,
1413 602 1449 636 in
1466 600 1554 636 libro
1575 613 1612 636 ιι
1633 602 1773 638 Advers.
1792 615 1866 651 cap.
1883 601 1919 648 8,
1934 615 2042 651 quum

1187 649 1396 697 praemiiiffet
1412 650 1448 686 in
1472 660 1678 699 argumento
1701 652 1822 700 capitis
1844 651 1933 686 illius
1955 653 2043 702 Qae

1185 710 1222 732 ex
1237 700 1393 734 Herodoto
1409 699 1612 745 Aristoteles,
1636 703 1669 735 in
1686 701 1750 746 ejus
1756 701 1884 747 scriptis
1891 701 1966 746 jam
1983 713 2043 735 non

1180 756 1287 791 ‘patere
1303 771 1315 792 ,
1343 747 1379 783 &
1397 749 1432 783 in
1450 749 1530 784 loco
1548 747 1620 797 ipso
1644 750 1825 785 monuisset
1853 749 2043 798 [Herodo-

1186 805 1259 830 tum
1288 797 1486 833 Aristoteles
1511 797 1629 833 histor.
1647 798 1781 834 animal.
1799 799 1821 834 l.
1837 797 1858 833 8
1877 811 1907 834 c.
1931 799 1971 832 18
1989 810 2043 834 re·

1187 845 1368 891 prehendit
1384 871 1397 890 ,
1424 846 1518 894 quod
1542 846 1688 895 aquilam
1705 849 1741 883 in
1757 848 1848 883 Nini
1863 846 2042 883 obfidione

1184 892 1360 929 bibentem
1378 895 1538 939 inducat,
1553 908 1662 943 quum
1677 897 1719 932 τοὶ
1734 897 1942 944 γαμψώνυχα)
1959 895 2042 932 δι’πο-

1185 957 1227 976 τοι
1246 943 1386 987 πάμπαν
1404 943 1602 989 existant‚]
1630 944 1668 979 in
1684 944 1753 980 fine
1768 947 1912 993 apponit
1927 960 1936 982 :
1965 944 2041 992 [ll-

1185 990 1241 1025 lud
1257 990 1369 1026 obiter
1385 1004 1532 1036 moneo,
1557 993 1594 1026 in
1605 992 1781 1029 Herodoti
1795 993 1947 1041 scriptis,
1961 1006 2040 1042 quae

1182 1038 1377 1088 supersunt,
1402 1040 1491 1076 istud
1506 1041 1706 1089 neutiquam
1721 1043 1884 1090 reperiri,
1907 1043 1966 1090 qui
1981 1042 2042 1080 lib.

1187 1099 1215 1123 1.
1240 1090 1379 1137 quidem
1402 1090 1541 1127 Ninum
1564 1090 1612 1125 ait
1639 1089 1658 1124 -ἱι
1681 1089 1838 1138 Cyaxare
1863 1103 2040 1140 expugna-

1181 1146 1272 1182 tam,
1291 1138 1505 1187 modumque
1521 1138 1600 1174 alibi
1615 1137 1718 1175 fufius
1732 1149 1945 1176 narraturum
1963 1140 2040 1189 pol-

1181 1185 1322 1232 licetur,
1350 1187 1454 1223 sedin
1471 1189 1518 1224 eis
1534 1213 1546 1234 ,
1572 1200 1649 1237 quae
1666 1188 1852 1234 habemus,
1876 1188 2039 1238 nusquam

1181 1235 1216 1271 id
1247 1236 1436 1284 pra-stitisse
1469 1237 1764 1286 deprehenditur]
1792 1238 1952 1274 Monitio
1982 1239 2040 1275 illa

1181 1297 1287 1332 quum
1307 1285 1348 1321 fit
1364 1285 1453 1322 nuda
1468 1311 1480 1332 ‚
1505 1288 1609 1322 etiam
1626 1285 1830 1334 supervacua
1844 1286 1893 1323 est
1909 1287 1947 1323 &⁶
1961 1288 2041 1324 nul-

1180 1334 1202 1369 li
1217 1333 1331 1377 bon03
1343 1348 1449 1383 quum
1469 1335 1506 1370 ὃς
1520 1335 1577 1371 alii
1593 1335 1815 1372 Aristotelem
1831 1346 1910 1372 ante
1926 1336 1936 1371 i
1964 1336 2037 1373 sum

1178 1384 1324 1431 legerint
1340 1410 1352 1428 ,
1376 1397 1456 1420 cum
1471 1395 1721 1433 componentes
1735 1397 1815 1420 cum
1831 1385 1930 1420 Hero
1954 1395 2037 1432 oto,

1177 1432 1386 1479 &rapienter
1401 1434 1586 1469 tacuerint:
1614 1446 1676 1469 cur
1691 1434 1784 1469 enim
1803 1446 1872 1468 non
1887 1434 1931 1469 de
1949 1447 2037 1470 uno-

1176 1492 1313 1528 quoque
1331 1481 1477 1516 studioso
1492 1481 1528 1516 id
1543 1481 1797 1530 supposuerim?
1823 1483 1871 1518 Et
1881 1483 2035 1519 Gatake-

1173 1541 1214 1564 ro
1240 1530 1360 1576 utique
1380 1528 1584 1565 satisfactum
1610 1531 1707 1565 fuiss'c
1732 1533 1889 1578 oportuit
1902 1557 1914 1576 ‚
1941 1533 2035 1581 quod

1174 1578 1317 1613 eandem
1343 1590 1415 1613 rem
1442 1577 1576 1613 abunde
1596 1579 1819 1614 annotavisset
1835 1581 1870 1614 in
1887 1581 2035 1618 Histori-

1173 1627 1222 1663 cis
1239 1628 1374 1663 Graecis
1389 1627 1437 1662 G.
1449 1627 1483 1673 J.
1501 1625 1640 1663 Voffius
1658 1652 1671 1673 ‚
1696 1628 1754 1676 qui
1772 1627 1809 1662 ὃ(
1827 1629 2035 1670 anxietatem

1174 1677 1314 1712 nimiam
1329 1676 1513 1712 Theodori
1528 1677 1639 1712 Gazae
1665 1677 1702 1712 in
1726 1677 1792 1713 hac
1818 1687 1914 1725 parte
1935 1688 2036 1716 notat

1174 1726 1305 1762 tamdiu
1315 1725 1442 1761 editam
1459 1726 1775 1762 anteGatakerum.
1800 1725 1913 1761 Sed&
1923 1728 2035 1766 Mars·-

1173 1776 1292 1812 hamus
1308 1776 1342 1810 in
1362 1774 1544 1810 Chronico
1562 1774 1705 1811 Canonc
1720 1774 1834 1810 saeculi
1851 1787 1929 1812 xvn
1954 1789 2036 1828 pag.

1170 1838 1244 1872 494
1266 1833 1364 1860 notat
1398 1824 1599 1871 [Diodorus
1621 1836 1700 1873 pag.
1720 1825 1776 1872 84.
1799 1823 1886 1860 dicit
1919 1826 2037 1863 Hero-

1170 1874 1295 1909 dotum
1313 1873 1483 1909 tradidisse
1499 1873 1692 1922 Cyaxarem
1715 1874 1792 1922 (qui
1807 1873 1946 1922 quidem
1963 1876 2036 1912 Ni-

1171 1935 1254 1958 num
1277 1922 1522 1971 expugnavit)
1547 1922 1644 1958 fuiffe
1667 1924 1818 1971 primum
1841 1923 2033 1963 Medorum

1168 1973 1307 2021 Regem
1327 1997 1339 2016 ‚
1363 1983 1443 2007 cum
1460 1981 1576 2007 tamen
1591 1984 1635 2007 ex
1656 1970 1735 2019 ipso‘
1744 1971 1931 2009 Herodoto
1946 1986 2033 2010 con-

1169 2021 1232 2056 stet
1249 2021 1422 2056 Deiocem
1439 2021 1591 2068 primum
1610 2020 1706 2057 fuisse
1720 2045 1733 2065 ,
1759 2020 1951 2069 Cyaxarem
1968 2035 2031 2071 pe·

1168 2070 1379 2116 nultimum]
1401 2070 1468 2105 Eat
1482 2081 1588 2118 ergo,
1603 2070 1766 2118 quoniam
1782 2070 1869 2105 mihi
1885 2071 1939 2106 via
1952 2071 2030 2107 nul-

1170 2118 1201 2154 la
1216 2119 1278 2154 alia
1294 2119 1484 2163 1·cstat‚aut
1497 2119 1538 2153 ad
1547 2119 1739 2166 Assyriacos
1755 2128 1815 2154 aut
1830 2118 1873 2154 ad
1887 2119 1988 2166 alios,
2003 2120 2029 2157 fi

1171 2167 1329 2213 fuerunt,
1352 2167 1451 2216 logos
1466 2192 1478 2212 ‚
1501 2166 1542 2202 ad
1560 2179 1645 2215 quos
1662 2167 1766 2203 toties
1779 2179 1824 2204 ex
1843 2167 2028 2205 Herodoto

1173 2218 1322 2252 citarunt
1338 2217 1404 2252 alii.
1445 2215 1560 2252 Omisi
1577 2216 1680 2251 etiam
1697 2215 1773 2265 post
1789 2215 1917 2255 librum
1934 2217 2028 2256 oeta-

1172 2279 1254 2304 vum
1269 2267 1317 2302 ita
1331 2267 1366 2301 in
1381 2265 1516 2313 optimo
1534 2265 1614 2301 MS.
1630 2263 1794 2315 scriptum
1809 2265 1876 2303 effe

1310 2324 1334 2350 H
1347 2323 1364 2350 r
1378 2324 1404 2350 ο
1415 2323 1440 2349 Δ
1452 2323 1477 2349 o
1488 2324 1512 2350 T
1523 2322 1549 2349 ο
1560 2322 1586 2350 Υ
1615 2316 1657 2354 *ff

1308 2373 1332 2400 X
1351 2372 1375 2400 X
1393 2373 1418 2399 H
1435 2372 1459 2399 H
1477 2372 1502 2399 H
1518 2371 1544 2401 Δ
1560 2371 1587 2400 Δ
1612 2370 1646 2399 11

1458 2559 1519 2625 S.
