2112 3621
269 176 358 218 ET
400 174 801 218 OBSERVAT.
843 176 920 217 IN
960 179 1343 222 HERODOT.
1386 180 1592 222 L1n.11.

58 241 287 293 pag.428‚sed
303 242 412 278 nescio
428 256 469 278 an
485 245 547 279 illis
564 243 653 279 reete
663 253 786 277 utatur.
805 242 841 275 N
847 255 900 276 am

58 293 256 328 Herodotus
287 291 363 326 haec
392 292 478 327 dicit
509 305 572 340 pro
601 291 694 326 causa
726 292 874 326 materize
892 319 900 331 ,

58 354 158 389 quam
173 339 290 376 t1·a5tat
304 341 456 388 rejiciens
472 341 553 375 hinc
569 340 754 374 efficaciam
772 339 901 375 Etesia-

58 402 132 424 rum
148 415 160 434 ‚
191 401 251 436 per
273 401 357 436 quos
381 388 534 424 nonnulli
559 388 746 424 statuebant
769 389 901 424 alveum

58 438 135 473 Nili
157 438 261 472 arceri
282 437 324 472 ab
349 439 431 473 mari
448 463 459 481 ,
489 448 529 474 ut
548 439 627 473 hinc
651 439 686 472 in
703 450 744 472 eo
760 437 902 472 extolle-

56 496 157 521 retur.
192 486 234 520 Id
249 486 340 534 quod
363 496 477 535 aperte
500 488 547 522 ita
568 486 758 531 refellitur,
785 486 808 520 fi
824 498 903 533 pro-

57 535 155 570 betur
175 535 346 570 interdum
376 536 486 571 attolli
509 536 634 571 Nilum
659 537 712 571 vel
735 535 900 569 sublatum

57 583 170 628 fuiffe,
198 582 258 619 etfi
284 584 366 619 nulli
389 585 510 621 flarent
525 584 660 619 Etefiae.
710 584 791 618 Hoc
805 585 901 616 inter-

55 632 128 667 dum
142 633 197 668 vel
213 634 351 670 vronxct'me
373 646 442 668 non
460 635 576 681 utique
597 633 755 680 supponit
772 630 901 666 confes-

57 679 184 716 fionem
209 681 250 716 de
274 682 358 717 flatu
383 682 523 717 istorum
549 691 730 716 ventorum
756 680 814 714 illo
831 679 902 727 ipso

54 739 231 779 tempore,
257 731 335 778 quia
350 730 438 765 istud
455 730 592 766 πωλοίκις
607 730 794 778 intelligere
810 729 903 773 licet,

54 789 219 825 quantum
234 779 296 814 scit
311 779 386 823 ille,
411 780 468 826 qui
489 780 654 826 loquitur.
702 777 904 813 Herodotus

53 827 140 862 dicit
156 829 223 863 hoc
240 827 439 872 nomoe‘mffi&
450 840 619 876 nunquan]
638 827 804 876 approbat
820 839 903 861 con-

54 877 195 911 trarium
219 876 390 919 eveniffe3
425 877 537 925 itaque
563 877 650 911 istud
676 876 811 912 mmm
835 876 903 919 est,

55 926 188 973 quoties
213 935 271 960 aut
298 924 365 973 ipse
381 924 569 961 observavit
595 924 735 973 praesens
750 950 762 969 ,
788 935 845 960 aut
862 924 904 959 de

54 986 96 1009 eo
113 974 148 1008 in
173 973 317 1009 aliorum
343 975 574 1009 monumentis
598 975 700 1023 legit,
723 974 777 1009 vel
800 974 903 1009 ctiam

54 1022 185 1058 audivit
200 1034 242 1058 ex
259 1022 467 1058 sermonibus
484 1024 638 1058 aliorum.

104 1075 166 1115 96,
186 1084 198 1106 1
210 1083 238 1106 1.
265 1071 348 1112 Καιῖρὲ
364 1071 503 1119 αὐτοὶ]
539 1073 596 1108 Sic
612 1080 854 1106 contraxerunt
870 1070 904 1105 id

54 1119 207 1165 librarii,
232 1133 338 1168 quum
359 1120 559 1156 Herodotus
581 1119 753 1155 resolverit
779 1119 813 1152 in
839 1128 906 1154 tres

54 1181 157 1205 voces
183 1169 259 1211 noo&
283 1171 324 1205 τοὶ
348 1169 429 1204 αὐτοὶ
447 1196 456 1209 ,
492 1168 516 1203 fi
542 1168 624 1203 fides
650 1168 785 1215 optimo
809 1167 905 1201 codi-

55 1219 109 1262 ci,
135 1231 236 1266 quam
253 1217 472 1267 pleniffimam
489 1227 647 1252 meretur.
673 1215 791 1251 Simile
808 1228 905 1264 pror-

54 1265 105 1302 sus
127 1267 193 1302 fuit
219 1279 250 1311 Ι,
269 1268 323 1301 88.
369 1265 446 1301 Οῧτε
464 1265 607 1313 χςῆμοίῖοι
625 1265 666 1301 w)
682 1265 744 1312 ἐμοὶ
759 1264 904 1312 :bk-agno(-

4 1372 9 1379 '
57 1318 76 1364 ζ
102 1368 162 1408 96,
181 1368 235 1398 26.
270 1364 339 1398 A’7rd
357 1369 382 1399 ’τε
400 1362 585 1411 ἓξςμοῷίτων
603 1367 665 1409 ρ’ἑων
684 1369 711 1400 ἐς
729 1363 769 1398 τοὶ
786 1361 904 1409 ψυχρί-

55 1411 157 1459 walae]
184 1411 409 1460 Frigidiffima
426 1412 558 1462 prorsus
574 1413 800 1449 ratiocinatio.
836 1413 904 1446 Ita-

56 1473 98 1497 ne
114 1460 181 1496 fine
195 1461 263 1496 ulla
287 1463 492 1510 exceptione
513 1474 575 1509 per
591 1474 664 1496 eam
683 1462 830 1508 patiatur
845 1460 904 1494 ali-

52 1512 128 1558 quis
144 1510 235 1545 circa
250 1510 493 1545 Alexandriam
517 1510 553 1543 &
568 1510 625 1544 ubi
653 1509 684 1542 se
703 1508 807 1543 Nilus
822 1519 905 1542 (²3:0-

52 1568 169 1601 nei‘at,
192 1558 308 1592 vocari
323 1558 399 1592 loca
414 1558 512 1600 talia,
538 1569 615 1604 quae
632 1557 695 1592 sint
712 1555 905 1603 alvmdwloi?

51 1607 144 1654 Qus
169 1604 282 1640 feret?
306 1614 365 1640 aut
390 1605 464 1653 quis
487 1605 529 1640 ab
553 1605 734 1640 Herodoto
759 1606 806 1640 ita
827 1604 905 1639 scri·

53 1666 154 1704 ptum
178 1653 313 1689 credere
335 1654 451 1701 potuit
466 1679 478 1698 ‚
512 1653 699 1689 credatve?
729 1654 790 1689 Est
814 1663 906 1689 certe

54 1705 151 1740 {ocus
167 1703 226 1738 hic
244 1701 382 1751 insignis
396 1702 445 1739 iad
470 1702 675 1738 noscendum
691 1727 703 1747 ‚
729 1715 829 1750 quam
845 1702 906 1738 ob·

54 1753 180 1788 noxius
202 1750 336 1786 habitus
350 1751 453 1786 fuerit
475 1752 532 1786 hic
550 1752 727 1800 praeclarus
743 1750 906 1799 scriptor,

56 1800 93 1836 Sc
117 1813 197 1849 quas
220 1812 289 1835 non
311 1800 455 1835 maculas
481 1800 672 1848 adsperserit
694 1812 778 1849 grex
805 1799 904 1835 libra—

54 1851 196 1885 riorum.
246 1849 351 1884 Certe
367 1848 574 1885 moderatius
596 1849 700 1898 longe
718 1850 751 1883 in
770 1850 904 1896 optimo

55 1899 136 1934 MS.
155 1899 232 1933 haec
247 1898 408 1947 leguntur
423 1899 470 1933 ita
486 1914 498 1940 3
525 1898 586 1934 sm*
602 1902 627 1933 ’ττ
643 1897 838 1945 θερμοτάτων
857 1899 905 1933 τό·

55 1962 118 1983 πων
135 1950 198 1993 ρ’έων
217 1953 244 1984 ἐς
261 1949 304 1983 τοὲ
320 1946 516 1994 ψυχρότεςᾳ.
558 1948 695 1984 Vocem
711 1947 804 1982 τόπων
821 1948 856 1981 in
871 1959 905 1981 e·

54 1996 134 2031 ditis
148 1995 307 2031 videntur
332 1995 476 2032 omifiss‘e
500 2006 642 2045 propter
666 1995 801 2044 sequens
824 2008 905 2031 neu-

54 2054 168 2089 trum,
196 2044 287 2093 quafi
305 2045 340 2079 in
364 2045 433 2080 hoc
450 2045 606 2093 genitivo
631 2045 731 2080 etiam
750 2045 814 2079 tale
831 2044 905 2093 sup-

55 2095 138 2142 poni
163 2103 337 2141 oporteret
355 2119 367 2138 ,
393 2106 499 2142 quum
517 2094 616 2130 Valla
640 2095 675 2128 in
696 2093 772 2128 MS.
790 2094 906 2129 videns

55 2143 241 2191 expreffam
267 2154 389 2178 vocem
408 2141 505 2177 τόπων
530 2143 632 2178 etiam
659 2141 854 2191 exprefferit
871 2144 905 2177 in

54 2191 189 2227 Latinis
207 2206 215 2228 :
240 2191 277 2226 &
293 2191 379 2226 ficut
392 2203 431 2226 ea
445 2204 515 2227 vox
541 2191 586 2226 fic
605 2191 695 2226 facili
710 2193 851 2240 negotio
868 2205 906 2227 o-

55 2241 148 2276 mitti
164 2241 301 2289 potuit,
317 2241 364 2275 ita
380 2240 496 2276 eadem
513 2240 621 2276 deleta
639 2241 780 2275 alterum
797 2239 906 2288 super-

55 2289 199 2327 lativum
214 2289 347 2325 trahere
364 2289 486 2324 debere
503 2290 645 2325 alterum
671 2290 743 2337 pari
770 2289 908 2324 stultitia

58 2339 187 2386 opinati
203 2338 349 2374 fuerunt.

107 2390 168 2430 96,
179 2398 234 2434 27.
261 2386 364 2428 A'vde)
380 2386 581 2436 λογίζεοθοα]
608 2386 688 2421 MS.
703 2388 786 2434 duspl
799 2402 838 2433 γε
855 2397 907 2423 λο-

59 2436 204 2484 γίζεσθαι.
229 2434 295 2470 Sed
313 2435 399 2470 male
415 2437 475 2472 ista
491 2445 680 2472 vertuntur.

107 2489 167 2529 96,
181 2494 231 2532 33.
256 2488 349 2518 nim
365 2485 484 2531 ἀνάγκη
502 2490 546 2523 ἐς)
562 2484 623 2521 ῧσσιι
646 2489 676 2520 ὸν
694 2487 780 2520 πέντε
800 2489 907 2532 ἦμὲςῃ-

60 2530 140 2580 rm]
176 2534 235 2568 Ne
252 2532 319 2567 hoc
337 2533 512 2580 problema
533 2532 768 2582 agnosceretur
783 2534 905 2569 solum-

59 2587 164 2620 modo
188 2581 229 2616 ab
248 2581 380 2616 Graecis
398 2605 408 2625 ‚
433 2583 547 2629 potuit
570 2592 638 2618 tarn
662 2582 827 2631 benignus
843 2582 907 2618 effe

59 2632 161 2669 Valla
178 2656 190 2674 ,
222 2639 261 2665 ut
286 2629 321 2664 id
345 2630 469 2665 Latine
501 2630 643 2666 efferens
668 2633 813 2666 traderet
837 2632 907 2667 aliis

62 2691 196 2730 quoque
212 2679 392 2726 Europaeis
406 2681 511 2726 ueccffi’
526 2683 643 2715 omniuo
664 2681 704 2727 cst
720 2684 804 2716 iutra
820 2683 907 2727 quiu-

59 2743 115 2779 que
138 2730 200 2763 dies
216 2730 331 2774 pluere.
380 2727 482 2776 idque
505 2742 567 2778 pro
598 2742 737 2766 munere
760 2731 907 2766 venerari

61 2787 246 2828 potuerunt
257 2776 446 2824 Stephanus
461 2777 497 2812 &
513 2780 642 2814 Portus.
668 2780 757 2826 Quis
773 2778 909 2814 credat?

63 2828 171 2863 donec
187 2827 277 2862 Tan.
292 2825 401 2860 Faber
416 2825 505 2874 apud
521 2826 615 2862 suum
631 2829 807 2864 Petavium
825 2829 908 2864 fate-

62 2878 91 2913 ri
107 2876 220 2924 potuit
236 2874 267 2909 se
282 2874 438 2922 equidem
455 2876 567 2910 mirari
584 2877 629 2911 ita
645 2875 787 2913 scribere
797 2877 907 2913 virum

63 2925 249 2961 maximum
261 2948 272 2967 ‚
296 2923 483 2959 mirabilem
499 2923 764 2961 observationem
782 2940 789 2961 ;
815 2926 908 2961 deni-

64 2986 131 3023 que
148 2971 183 3007 id
197 2972 312 3007 falsum
335 2972 399 3007 effe
418 2986 425 3007 :
453 2974 566 3021 itaque
589 2985 757 3023 nunquam
775 2975 907 3010 dubita-

63 3022 145 3059 viss‘e
162 3045 174 3064 ,
197 3021 278 3067 quin
292 3033 356 3069 pro
382 3026 412 3057 ἂν
431 3022 507 3057 veile
531 3024 666 3070 ἡμέρῃζιν
682 3024 863 3073 legendum
880 3025 906 3059 ’ἐν

64 3086 139 3108 τισιν
155 3070 298 3115 vimmo,
321 3071 407 3104 intra
422 3073 537 3117 aliquot
554 3071 638 3116 dies,
663 3072 761 3121 idque
777 3085 907 3117 velum,

1725 182 1800 233 865

961 244 1083 280 afferri.
1109 248 1223 292 Quam
1240 248 1357 284 debuit
1372 249 1471 284 rifiss'e
1489 260 1582 284 catus
1598 250 1652 285 ille
1669 248 1805 294 Diony-

963 292 1024 327 sius
1040 319 1051 336 ‚
1083 308 1188 341 quum
1212 296 1290 330 talia
1316 297 1544 333 blandimenta
1567 299 1659 334 istius
1682 297 1809 345 ingenii

961 343 1157 389 acciperet?
1188 345 1245 378 An
1269 345 1335 380 hoc
1359 347 1463 394 igitur
1486 348 1631 382 melius?
1667 348 1807 393 Nequa-

962 401 1072 436 quam.
1098 391 1185 426 Non
1201 393 1292 427 enim
1308 397 1414 442 magis
1432 396 1563 442 plueret
1578 397 1664 431 intra
1678 397 1808 442 aliquot

960 438 1029 473 dics
1045 465 1056 482 ‚
1083 452 1183 487 quam
1200 441 1287 476 intra
1302 441 1430 490 aliquot
1448 443 1573 478 noe‘teS.
1624 446 1709 480 Sane
1723 443 1808 479 solet

959 486 1159 522 Herodotus
1181 489 1292 525 dicere
1315 491 1379 526 iter
1401 493 1455 528 vel
1478 493 1730 540 navigationem
1754 501 1809 527 tot

959 534 1088 569 dierum
1101 552 1111 576 ·‚
1137 535 1191 571 sed
1207 549 1245 572 ea
1259 539 1321 573 alia
1337 552 1386 574 res
1402 541 1468 583 est,
1487 551 1526 575 ut
1541 541 1670 575 felicius
1685 544 1807 588 opinor

959 581 1112 619 &verius
1130 586 1164 619 in
1181 597 1253 633 cap.
1268 598 1310 633 34
1325 587 1366 622 ab
1384 589 1519 623 auc'tore
1536 589 1603 623 dici
1620 591 1684 624 iter
1694 603 1735 625 ex
1746 591 1807 625 Ci-

958 631 1035 666 licia
1051 633 1093 667 ad
1104 634 1254 681 Sinopen
1270 636 1334 671 effe
1351 642 1435 672 πέντε
1453 641 1590 683 ἡμερέων.
1616 640 1709 673 Dein
1725 652 1808 687 pue-

957 680 1024 715 rilis
1047 684 1222 717 annotatio
1245 684 1293 719 cst
1317 685 1352 719 in
1377 685 1459 721 locis
1484 686 1543 721 ubi
1568 699 1627 734 per
1658 688 1807 724 hiemem

955 729 1067 777 gelat,
1085 730 1123 765 &C
1136 732 1270 780 ningit,
1286 731 1333 768 ibi
1350 747 1411 782 per
1426 735 1575 770 aestatem
1592 736 1715 784 pluere.
1742 736 1808 773 Sed

957 791 1065 827 neque
1092 784 1124 815 ἐν
1150 792 1240 816 nunc
1266 792 1362 817 notat
1387 785 1504 831 utique
1527 786 1612 819 iutra
1629 811 1639 827 .,
1664 786 1717 821 sed
1733 796 1808 822 tan-

958 827 1137 862 tummodo
1154 830 1189 863 in
1204 830 1400 877 quibusdam
1419 832 1535 867 diebus
1551 857 1563 877 ‚
1591 833 1614 868 s1
1630 835 1676 869 ita
1691 836 1806 871 vellet.

958 876 1023 911 Sed
1040 879 1092 911 vir
1106 877 1243 927 insignis
1260 891 1364 927 prout
1389 882 1425 916 in
1450 882 1591 930 vulgato
1616 882 1731 918 falsum
1749 884 1806 919 de-

958 925 1135 978 prehendit
1152 951 1164 969 ,
1188 928 1235 962 ita
1251 929 1343 976 quod
1358 930 1475 965 lateret
1500 943 1619 967 verum
1646 945 1716 967 non
1732 945 1808 980 per-

957 975 1075 1022 ipexit.
1118 976 1190 1011 Res
1204 976 1271 1024 ipsa
1289 978 1325 1012 8<
1341 979 1448 1014 literae
1471 981 1658 1016 monstrant
1676 987 1706 1017 ἐν
1724 981 1810 1017 mal?

958 1024 974 1062 ἦ
989 1026 1114 1070 μέςεζι,
1140 1027 1172 1059 iu
1189 1033 1256 1060 tota
1273 1028 1413 1075 regione
1429 1054 1440 1072 ‚
1464 1037 1521 1063 aut
1533 1031 1687 1074 partibus.
1721 1030 1808 1065 Cer-

958 1081 992 1105 te
1008 1072 1032 1105 fi
1050 1073 1226 1120 ningeret,
1252 1076 1354 1110 etiam
1374 1077 1562 1122 accideret,
1579 1088 1618 1113 ut
1635 1078 1808 1114 interdum

957 1119 1082 1166 pluviae
1097 1121 1336 1166 cade1·ent,vel
1352 1125 1537 1161 universam
1553 1128 1726 1174 regionem
1745 1141 1808 1164 nu-

957 1167 1055 1202 bibus
1070 1168 1370 1207 madefacientibus
1385 1198 1397 1216 ,
1422 1174 1476 1208 vel
1494 1175 1551 1209 has
1574 1185 1631 1210 aut
1648 1176 1716 1211 illas
1732 1190 1807 1224 par-

958 1226 1007 1252 tes
1019 1241 1031 1261 ,
1057 1227 1160 1265 prout
1175 1219 1358 1268 contingit.

1005 1270 1065 1309 96,
1078 1276 1130 1313 35.
1157 1266 1264 1308 τρίτον
1283 1269 1333 1316 ²3]
1366 1269 1520 1306 Locutio
1535 1270 1583 1306 est
1599 1273 1701 1307 moris
1716 1274 1806 1308 triti:

956 1313 1010 1349 sed
1022 1315 1240 1351 Herodotcus
1256 1316 1402 1354 libenter
1418 1321 1452 1354 in
1469 1321 1519 1355 his
1537 1322 1662 1369 aliquid
1678 1333 1809 1366 mutat,

958 1374 1061 1411 prout
1077 1363 1177 1399 nunc‘
1194 1377 1330 1414 quoque
1355 1370 1535 1417 contigiss'e
1552 1370 1654 1406 docet
1670 1371 1756 1406 liber
1771 1384 1810 1405 o-

958 1412 1084 1459 ptimus
1100 1413 1264 1449 exhibens
1278 1415 1375 1457 τρλτιι
1389 1441 1401 1461 ,
1426 1418 1517 1464 quod
1534 1420 1679 1465 praetuli.
1704 1422 1760 1455 Sic
1778 1433 1808 1454 c.
1847 1430 1851 1435 ’

963 1471 1038 1507 137.
1074 1462 1113 1494 Τό
1134 1461 1186 1507 μὲν
1213 1463 1245 1506 ffb*
1264 1469 1374 1509 πρῶτον
1394 1492 1401 1499 .
1414 1492 1440 1499 ..
1455 1465 1592 1512 ὃᾶἆτεζῇτ
1610 1474 1626 1512 ξ)
1645 1467 1712 1502 &Q
1763 1470 1811 1503 Et

957 1509 1034 1543 vide
1050 1508 1091 1543 ad
1107 1521 1262 1545 numeros
1280 1514 1336 1556 82,
1346 1518 1402 1559 46.

1004 1562 1066 1602 96,
1083 1571 1138 1604 40.
1177 1566 1206 1592 Εἰ
1227 1566 1326 1595 τοῖνιω
1351 1561 1477 1609 ἐχιόνιζε
1504 1561 1527 1600 (ἒ
1550 1565 1693 1613 ‹imru-'fij
1729 1565 1809 1600 MS.

959 1617 1038 1641 cum
1054 1607 1165 1641 multo
1181 1609 1309 1655 majore
1333 1610 1482 1646 efficacia
1497 1637 1508 1656 ‚
1533 1617 1556 1646 a·
1578 1619 1674 1648 τοίνιω
1702 1615 1809 1661 ἐχιόνι-

961 1657 1011 1701 ζε,
1035 1658 1058 1688 εἰ
1077 1654 1099 1692 ὠ
1117 1658 1227 1691 ἐσονῶν.
1278 1658 1320 1693 In
1336 1672 1404 1708 quo
1420 1661 1522 1696 etiam
1539 1661 1651 1697 statim
1668 1673 1746 1698 ante
1762 1663 1809 1698 le-

957 1703 1101 1751 gebatur
1124 1707 1298 1751 χειμασίῖω
1317 1732 1329 1751 ,
1355 1709 1447 1756 quod
1472 1710 1507 1744 in
1533 1711 1638 1745 MSS.
1663 1711 1748 1747 vidit
1773 1712 1810 1748 δί

959 1753 1168 1800 Stephanus,
1185 1767 1254 1790 non
1269 1759 1446 1802 χειμαδίῖω
1457 1783 1467 1802 ,
1479 1758 1563 1794 sicut
1579 1759 1614 1794 ὅ(
1631 1773 1713 1795 mox
1731 1762 1812 1796 Me-

958 1800 1072 1836 diceus
1089 1802 1170 1837 MS.
1189 1803 1334 1840 habebat
1353 1805 1394 1840 ίιῦ
1413 1806 1450 1842 οἶν
1469 1807 1566 1842 τέτων
1586 1810 1651 1843 έδέν
1667 1834 1679 1852 ‚
1706 1820 1810 1857 prout

959 1849 1098 1904 testatur
1106 1851 1294 1899 Stephanus
1311 1852 1353 1888 de
1367 1854 1449 1899 suis,
1459 1855 1518 1891 ubi
1534 1869 1657 1892 vocem
1673 1859 1808 1894 tertiam

958 1901 1130 1935 immerito
1147 1910 1281 1936 mutant
1299 1914 1379 1938 cum
1398 1904 1449 1939 his
1465 1921 1493 1940 τι
1510 1910 1631 1941 τοιέτον.

1005 1953 1130 1995 96‚49.
1157 1953 1270 1986 Λύτὲων
1288 1952 1351 1988 w&
1365 1957 1391 1987 ⁴³1²
1408 1954 1584 2002 domm]
1614 1955 1723 1991 Stulta
1738 1969 1808 1992 ma·

958 2009 1018 2032 nus
1041 1997 1076 2032 id
1092 1997 1193 2033 finxit
1211 2024 1222 2043 ,
1249 2012 1312 2034 nec
1336 2001 1455 2048 primae
1472 2005 1566 2037 vocis
1587 2004 1689 2040 ullam
1705 2007 1808 2041 ratio-

958 2058 1035 2081 nem
1053 2048 1088 2082 in
1102 2047 1266 2083 vertendo
1283 2048 1402 2084 habuit
1417 2051 1526 2086 Valla.
1553 2053 1652 2101 Lege
1667 2065 1710 2088 ex
1728 2055 1808 2090 MS.

958 2096 1042 2186 αυέἓν
1061 2096 1135 2133 w&
1186 2096 1300 2132 Etiam
1327 2099 1409 2135 MS.
1433 2101 1598 2144 πληθῦεαῆζ
1613 2114 1676 2150 pro
1694 2104 1810 2142 πληθιῖ·

957 2159 984 2178 νὲ
1036 2173 1043 2178 .

1004 2205 1065 2240 97,
1085 2204 1116 2239 ς’.
1151 2195 1262 2242 Qvi)
1282 2197 1310 2232 ’θ
1326 2195 1436 2237 Λιέόης
1461 2203 1489 2235 ἐς
1508 2198 1549 2233 τεν)
1563 2199 1662 2247 dvm]
1698 2200 1811 2236 Recte

960 2243 1122 2290 interpres
1137 2253 1218 2278 meat
1235 2243 1439 2291 iufhperiom
1458 2247 1590 2293 Africae.
1625 2250 1729 2284 Nihil
1747 2263 1810 2298 po-

960 2292 1027 2326 tuit
1044 2291 1118 2326 fieri
1133 2294 1329 2329 accuratius.
1371 2295 1511 2330 Notant
1527 2298 1617 2331 enim
1634 2298 1693 2333 ista
1708 2300 1809 2334 verb-,1

960 2350 1094 2376 motum
1111 2340 1218 2389 ipsum
1233 2341 1324 2388 solis,
1345 2343 1427 2378 dum
1444 2346 1479 2379 in
1494 2357 1535 2379 eo
1552 2346 1619 2390 est,
1636 2356 1675 2382 ut
1694 2347 1734 2382 ad
1745 2349 1808 2383 Li-

958 2388 1034 2438 byae
1042 2388 1211 2438 superiora
1227 2390 1394 2428 deveniat.
1421 2393 1478 2428 Sic
1494 2393 1558 2441 seq.
1577 2406 1654 2444 pag.
1671 2399 1810 2443 α’πὲρχε-

958 2453 1003 2474 τοα
1021 2441 1035 2473 ἆ
1051 2438 1148 2481 iim&-
1162 2445 1190 2476 ἐς
1206 2443 1294 2486 μέσον
1309 2442 1328 2474 ’ἳ-
1344 2443 1451 2486 ›s'eqevdv
1469 2446 1572 2477 ὀπίσω.
1606 2444 1670 2478 Sed
1686 2456 1723 2479 Ca
1738 2458 1809 2481 non

957 2486 1091 2522 videtur
1108 2488 1172 2522 effe
1197 2501 1291 2524 mens
1307 2488 1342 2524 ὃς
1360 2489 1522 2526 sententia
1547 2492 1719 2528 scribentis
1735 2495 1808 2529 He-

957 2536 1089 2579 rodoti,
1105 2535 1141 2571 ὃ(
1157 2537 1327 2573 innuentis
1342 2538 1495 2586 hyberno
1511 2550 1685 2590 tempore,
1701 2554 1806 2590 quum

957 2584 998 2619 ab
1016 2585 1138 2632 hyeme
1160 2584 1207 2620 sol
1230 2598 1272 2622 ex
1297 2588 1438 2635 pristino
1462 2600 1575 2624 meatu
1599 2590 1724 2637 citetus
1741 2593 1807 2638 jam

959 2633 1006 2669 est
1024 2635 1092 2680 (ita
1107 2635 1199 2670 enim
1215 2636 1376 2672 vertenda
1400 2647 1493 2672 erant
1510 2664 1521 2683 ,
1547 2651 1590 2674 ex
1613 2634 1808 2687 quibus'ne-

958 2680 1026 2717 scio
1050 2683 1131 2731 quid
1155 2684 1365 2732 procudebat
1389 2687 1571 2735 interpres,
1588 2687 1640 2734 sol
1653 2689 1809 2736 abscedens

950 2731 1059 2777 subter
1066 2733 1194 2768 hiemale
1203 2733 1304 2779 fidus)
1325 2733 1428 2770 solem
1438 2736 1579 2771 existere
1589 2737 1625 2772 8,(
1637 2737 1753 2774 versari
1770 2740 1807 2775 in

960 2780 1083 2829 Libyae
1098 2780 1330 2829 superioribus.
1356 2783 1397 2818 Id
1413 2796 1519 2831 quum
1537 2797 1586 2820 res
1601 2785 1668 2834 ipsa
1685 2788 1810 2835 proba-

959 2841 995 2864 re
1013 2829 1186 2874 videatur,
1202 2841 1277 2866 tum
1294 2831 1477 2868 confirmat
1493 2835 1652 2881 praeclare
1669 2836 1747 2872 MS.
1764 2851 1808 2874 ex

960 2889 1029 2925 quo
1037 2878 1250 2915 scribendum
1268 2881 1397 2916 remiffa
1412 2883 1577 2929 particula
1592 2886 1701 2931 ’έςχεἹοα
1718 2888 1745 2922 ¹23
1756 2896 1808 2921 Λι-

962 2927 1031 2966 ξόης
1049 2927 1090 2961 m*
1107 2929 1176 2962 οἴνω.
1204 2929 1272 2964 hoc
1282 2929 1350 2973 est,
1359 2939 1498 2975 permeat
1505 2931 1665 2977 superiora
1676 2933 1807 2976 Africae.

962 2975 1081 3015 Sed&
1101 2977 1168 3025 ipse
1179 2977 1376 3013 Herodotus
1393 2979 1515 3027 probat
1531 2993 1604 3030 cap.
1617 2988 1669 3018 26.
1697 2976 1809 3024 ism&

961 3023 997 3060 οἷν
1022 3025 1278 3072 οἱπελαυνέμᾏιῶ·
1302 3030 1340 3062 ἐκ
1361 3033 1438 3074 μὲσκ
1456 3028 1478 3068 Ξ
1500 3033 1597 3074 έξςενέ
1620 3031 1691 3068 κὶα-δ
1712 3030 1732 3068 Ξ
1748 3034 1806 3076 χέ-

960 3077 1069 3118 pisi&
1090 3073 1113 3111 ἐ
1130 3075 1151 3114 {5
1170 3078 1264 3122 βορέω
1283 3100 1293 3118 ,
1316 3077 1359 3116 υἷ’·ιέ
1385 3076 1423 3111 οἶν
1449 3078 1490 3112 τοὲ
1516 3083 1575 3112 dm
1602 3081 1629 3112 ἰδ’
1652 3078 1809 3125 Εὐρώπης.

64 3120 103 3159 ,ὃς
125 3118 292 3160 rationem
315 3116 411 3154 facile
432 3120 525 3168 poffe
556 3133 600 3156 ex
627 3122 908 3171 Meteorologicis
929 3143 935 3170 ι
959 3125 1099 3171 amoime
1117 3129 1170 3159 ναῦ
1184 3125 1224 3160 τοὶ
1242 3125 1342 3170 (MS.
1360 3125 1429 3166 τῆς)
1446 3125 1551 3163 Λιςώςς
1569 3126 1689 3172 ἕρχιἼωι.
1738 3128 1809 3163 Pro

1406 3174 1443 3208 R
1453 3185 1491 3207 rr
1502 3186 1517 3207 r
1527 3186 1542 3207 r

1760 3189 1801 3210 ΡΟ
