2112 3621
237 204 321 245 990

239 257 368 304 priores
384 254 530 290 editores
554 252 587 286 id
609 251 669 286 s1bi
689 259 875 299 potuerunt
897 247 1094 296 imaginari,

241 305 416 353 praecipuc
434 301 534 338 Valla
548 324 559 344 ‚
592 301 679 336 tanti
705 298 873 334 mendacii
896 296 1094 344 descriptio-

243 365 321 387 nem
346 351 431 387 adeo
454 359 610 385 accurate
643 348 833 396 exsequens.
883 346 1000 381 Miror
1014 357 1096 388 eos,

245 403 303 448 qui
320 399 613 435 circumcisionem
631 422 642 441 ‚
669 395 943 443 Chronologiam
962 393 998 428 ὃς
1020 393 1095 428 alias

243 448 385 484 offucias
410 458 479 483 tam
504 447 635 496 perdite
661 444 889 480 tractaverunt
906 468 918 487 ‚
946 454 1017 477 non
1039 441 1096 494 hic

243 497 443 533 mendacem
461 496 682 532 Herodotum
708 492 930 542 postulavisse.
981 493 1097 526 Proie-

245 545 304 581 c'to
322 546 486 595 quidquid
505 546 539 580 id
555 545 622 589 est,
638 543 680 578 de
696 543 817 578 diurno
832 541 938 589 spatio
955 539 990 574 ὃς
1009 552 1099 586 equo

247 595 441 630 &homine
456 621 468 640 ,
494 594 641 629 multum
658 592 873 626 imminuitur
897 591 944 624 ita
966 588 1099 623 festina-

246 644 298 678 tio
314 645 447 686 cursus;
475 655 551 691 qua:
568 641 685 677 eadem
701 650 846 689 augetur
862 648 981 673 contra
996 637 1100 685 pluri-

246 704 343 728 mum
359 718 371 736 ,
396 692 419 728 si
437 693 544 727 homo
567 690 627 725 iste
651 690 718 725 diei
737 690 795 724 uni
811 688 908 723 datus
925 688 961 721 in
983 697 1102 734 paucas

247 741 347 777 horas
370 750 503 777 mutare
528 751 655 788 equum
678 737 777 787 possit
793 763 805 782 ,
832 737 931 784 plane
947 744 985 769 ut
1009 746 1101 769 nunc
1127 745 1129 753 ¹

250 789 325 825 fieri
341 789 436 825 solet.
464 788 565 825 Nolo
580 789 672 823 enim
691 787 842 836 cogitare
858 811 870 829 ,
896 796 1002 832 quum
1018 783 1102 836 dici-

250 847 307 874 tur
322 838 363 874 ad
389 839 456 874 diei
481 839 579 874 unius
601 838 691 873 viam
716 845 885 884 quamque
904 831 1034 880 equi&
1052 843 1104 865 vu·

251 887 453 932 destinatus,
480 888 583 923 etiam
601 886 747 934 intelligi
766 884 857 932 poss'e
874 881 1052 925 vehicula,
1080 879 1103 914 si

249 949 321 973 non
346 937 381 972 in
404 936 563 972 omnibus
579 961 591 980 ‚
616 934 731 970 saltem
757 935 792 967 in
819 930 1016 980 quibusdam
1042 929 1102 963 sta-

250 986 355 1022 thmis
387 985 555 1020 collocata
577 1009 588 1028 ,
623 983 663 1018 ad
688 995 764 1030 quae
789 980 972 1028 requiritur
995 978 1045 1012 vir
1068 978 1104 1013 ὅ(

250 1035 364 1082 plures
379 1035 458 1082 equi
475 1035 511 1068 in
526 1035 623 1068 horas
638 1042 745 1067 certas
763 1028 906 1072 mutati,
921 1026 976 1063 sed
994 1027 1105 1061 innuit

250 1083 497 1132 equitationem
513 1081 650 1117 nudam.

299 1138 448 1178 491,26.
474 1134 538 1167 Ε’πὶ
554 1128 720 1176 συμὲκλῐα)
737 1124 1007 1174 pagina-40:033]
1029 1125 1105 1159 No—

254 1182 340 1216 tavit
355 1180 429 1216 sane
446 1181 568 1216 Portus
586 1205 598 1223 ,
625 1178 661 1213 &
679 1179 772 1213 hunc
790 1176 825 1210 ὃς
843 1175 1035 1223 sequentem
1054 1173 1104 1207 lo-

254 1242 335 1265 cum
360 1230 396 1264 in
422 1241 509 1266 voce
535 1228 684 1274 Σνμζελὴ
701 1251 712 1269 ,
746 1225 874 1260 scilicet
899 1232 1002 1271 prout
1026 1221 1108 1256 scire

256 1279 383 1326 potuit.
433 1277 500 1313 Sed
516 1289 607 1312 nunc
623 1275 701 1311 scias
726 1274 795 1322 legi
819 1274 854 1307 in
879 1273 1013 1321 optimo
1029 1271 1108 1306 MS.

256 1344 283 1365 κς
300 1329 468 1373 σνμςελίην
484 1341 603 1372 pce-ran.
1014 1367 1023 1370 -

305 1383 390 1421 491,
407 1387 462 1421 31.
498 1372 717 1419 Α’ποπειςᾷοθς
740 1372 767 1406 ‘13
794 1369 1032 1414 Πελοπῡινήσε]
1071 1368 1109 1402 Id

258 1436 395 1472 quoque
414 1423 607 1458 defenditur
623 1422 738 1456 multis
755 1419 796 1453 ab
809 1420 915 1453 Porto
933 1417 1110 1464 exemplis,

259 1486 365 1520 quum
382 1482 495 1508 tamen
515 1472 647 1519 legatur
670 1470 705 1502 in
730 1468 809 1502 MS.
831 1465 1028 1514 fimpliciter
1045 1481 1108 1500 mz-

260 1527 382 1567 Ερῖοθοα.

308 1581 393 1615 492,
413 1579 466 1614 14.
501 1572 545 1616 τῇ
566 1565 745 1614 canania]
791 1563 852 1600 Est
878 1563 947 1598 hoc
968 1563 1110 1598 alterum

259 1618 456 1666 exemplum
473 1618 571 1666 hujus
587 1617 698 1653 vocis:
718 1615 773 1650 sed
789 1624 828 1650 ut
842 1612 1002 1661 junfitum
1020 1613 1111 1661 prio-

260 1668 288 1702 ri
306 1693 318 1712 ,
342 1668 389 1702 ita
405 1667 476 1715 pari
495 1666 658 1701 firmitate
675 1665 816 1700 testatur
834 1664 1014 1710 praeclarus
1030 1662 1112 1697 MS.

260 1715 302 1750 ab
313 1716 495 1751 Herodoto
512 1714 674 1762 scriptum
691 1714 756 1749 effe
775 1718 811 1762 τῇ
824 1714 992 1760 συμέελίῃ.

308 1777 458 1811 492,2.0.
476 1767 587 1800 Παῖδες
602 1770 628 1797 οἱ
644 1763 827 1810 cuvex'nosso]
848 1760 1115 1804 NlS.cuv{w:-ov7o,

263 1814 353 1861 quod
370 1813 463 1849 verbi
480 1813 572 1848 istius
586 1811 687 1847 instar
701 1812 840 1848 adhibet
849 1810 976 1859 ubique
985 1812 1112 1847 auftor.

311 1873 394 1908 492,
412 1874 465 1908 25.
499 1863 614 1897 Τοιόνδε
643 1863 744 1909 φὲςεῖ)
779 1866 911 1908 πςῆγμσι
945 1860 1110 1907 γίνεσθαι]

263 1912 480 1946 Truncatum
507 1910 749 1945 Herodoteum
765 1935 777 1955 ,
810 1912 844 1945 ὃ(
870 1912 1008 1959 egregie
1035 1911 1113 1945 MS.

262 1962 435 2007 συμφὲςεῦ.
464 1960 548 1995 Satis
563 1968 657 2008 patet
670 1960 917 1996 AEm.Portum
934 1960 1117 2008 nequivisse

265 2010 315 2044 uti
332 2010 400 2044 hoc
415 2009 575 2056 exemplo
593 2009 628 2043 in
645 2021 676 2042 v.
693 2009 865 2054 Συνηνείχθη
877 2035 886 2048 ,
906 2008 965 2043 ubi
982 2009 1117 2057 colligit

266 2058 423 2105 exempla
445 2058 544 2103 hujus
566 2056 639 2092 usus
653 2057 748 2092 verbi
767 2062 965 2103 συμφέρεοθοα
984 2057 1118 2093 infinita

267 2118 309 2141 ex
324 2105 462 2140 auctore
479 2101 614 2150 nostro,
639 2116 678 2141 ut
693 2105 771 2141 scias
786 2105 887 2153 ipfius
902 2106 977 2141 esse.

316 2163 400 2200 49¹2,
420 2167 474 2197 29.
511 2160 558 2191 Δὶς
581 2154 635 2194 ἤδη
660 2154 797 2202 ἐγῆυέἹο]
833 2156 945 2189 11111110
962 2155 1029 2197 rell:
1044 2178 1055 2199 ,
1079 2165 1118 2191 ut

267 2204 401 2239 notavit
424 2202 481 2238 lib.
498 2215 528 2247 1,
554 2215 655 2250 quem
681 2215 860 2238 numerum
884 2217 989 2251 quum
1011 2203 1118 2240 servet

268 2253 369 2288 etiam
380 2251 502 2287 Strabo
519 2251 576 2286 lib.
591 2263 603 2286 1
615 2250 868 2297 3,Casaubonus
875 2253 973 2300 jubet
984 2253 1051 2288 hoc
1067 2253 1117 2288 lo-

270 2314 312 2336 co
329 2301 500 2349 corrigere
515 2301 602 2345 τώς,
619 2301 655 2334 in
670 2312 735 2348 qua
752 2314 787 2335 re
804 2301 958 2336 nondum
982 2303 1030 2337 illi
1056 2315 1118 2350 po-

271 2352 321 2386 tui
338 2362 464 2399 parere.
563 2356 567 2359 '

318 2410 403 2447 493,
425 2412 459 2442 7.
490 2401 616 2442 κομίσας
639 2397 689 2434 ‘rak-
714 2398 866 2444 mildam]
908 2398 983 2433 MS.
999 2403 1121 2443 κομίσας

271 2448 322 2485 τές
339 2453 462 2485 οἰκέτας.
513 2447 704 2491 Quomodo
726 2447 862 2482 videtur
887 2447 1001 2495 legisse
1018 2449 1121 2482 inter-

272 2509 346 2545 pres
361 2521 373 2540 ‚
396 2508 459 2531 nec
475 2497 600 2543 opinor
619 2496 688 2530 alio
712 2495 815 2531 modo
832 2495 991 2544 scripsisse
1009 2497 1121 2531 Hero-

272 2547 404 2580 dotum.
456 2546 610 2581 Omnem
643 2545 734 2579 enim
766 2544 926 2580 familiam
954 2545 1123 2580 transtulit

274 2594 455 2629 Panionius
471 2619 482 2638 ,
507 2592 596 2628 unde
613 2597 748 2640 waa‘onely
768 2606 846 2628 eum
864 2592 979 2641 postea
997 2594 1123 2630 westm-

276 2645 330 2678 ζεῖν
347 2642 472 2677 dicitur
488 2642 734 2677 Hermotimus.
761 2642 861 2677 Adde
876 2654 949 2689 cap.
963 2653 1040 2682 109.

320 2701 404 2737 493,
423 2702 477 2738 34.
513 2690 754 2732 Διαφυλοιξέσοις
773 2693 827 2728 τοὶς
851 2694 966 2740 χεδίαις
984 2689 1123 2737 ποςώθῆ·

277 2754 316 2775 ναι
335 2738 512 2785 βασιλῆα]
551 2738 640 2773 Νοη
664 2738 711 2773 est
736 2739 792 2774 hie
810 2748 946 2787 quartus
968 2738 1058 2773 casus
1074 2739 1125 2773 vi-

276 2786 378 2821 tiosus
394 2812 404 2830 ‚
429 2787 482 2821 sed
499 2786 675 2834 languidus
700 2787 736 2821 &
756 2788 945 2822 inamoenus
961 2802 973 2829 3
1000 2786 1126 2822 multo-

277 2847 344 2883 que
359 2835 527 2870 robustior
545 2836 608 2870 erit
628 2835 759 2871 dativus
785 2839 907 2877 βασιλεῖ
926 2863 934 2875 ,
960 2846 1064 2882 prout
1080 2835 1127 2871 le—

277 2883 398 2932 gebam
416 2883 620 2927 Florentiae,
646 2883 682 2918 &
700 2885 847 2919 maxime
865 2884 986 2932 probo.

325 2944 408 2978 494,
428 2943 480 2966 10.
516 2933 639 2978 Στραῐιῆ
657 2932 912 2980 ψφθεςέετωῇ
951 2933 1007 2968 Sic
1021 2932 1040 2966 a
1057 2931 1130 2967 vul-

281 2993 327 3033 go
347 2980 530 3015 formatum
554 2981 593 3014 iri
618 2981 685 3015 hoc
707 2991 842 3029 tempus
858 2993 934 3015 reor
951 2980 1106 3027 equidem
1118 2996 1130 3023 3

282 3028 334 3063 led
358 3028 406 3063 est
431 3027 542 3063 adhuc
566 3028 655 3062 aliud
671 3054 683 3072 ‚
714 3041 777 3063 1166
802 3030 912 3063 minus
936 3028 1132 3076 probabile,

281 3089 405 3125 nempe
430 3077 633 3123 ,Ἁζῦιφθοιςὲεζῇ
653 3101 664 3119 ,
688 3077 780 3124 quod
807 3076 914 3112 exstat
938 3078 973 3111 in
998 3077 1132 3123 optimo

285 3127 364 3160 MS.
409 3125 445 3160 N
452 3137 517 3161 unc
533 3125 677 3160 editores
693 3126 837 3174 primam
856 3125 986 3160 literam
1002 3135 1134 3174 gravati

1127 759 1133 970 1

550 181 1302 243 JAC.GRONOV11
1370 177 1650 224 NoTAE

1151 247 1225 282 sunt
1242 273 1254 292 ,
1281 247 1317 283 δί
1341 248 1422 283 hinc
1445 247 1590 283 ablatam
1614 247 1835 295 reposuerunt
1856 247 1892 283 in
1915 254 2002 284 voce

1149 296 1231 331 vers.
1254 307 1294 342 39
1314 297 1405 338 mira!
1414 296 1643 345 perversitate.

1198 357 1282 391 494,
1298 347 1350 380 18.
1377 344 1447 382 Ε’ςὲ
1466 346 1571 393 ἔλθῃ]
1601 345 1678 380 MS.
1697 346 1787 381 ἔλθοι.

1198 405 1284 438 494,
1305 405 1359 440 34.
1393 398 1512 436 Nico&
1530 399 1648 429 ’τοσέτον
1667 396 1823 440 ἀνθρώπων
1839 390 2002 439 dvm-aspa!-

1151 442 1231 488 voa.]
1267 442 1358 487 Quae
1375 442 1432 477 hie
1449 454 1546 477 arena
1562 442 1629 477 fine
1645 442 1738 477 calce
1754 442 1766 476 ?
1792 442 2000 478 Remedium

1154 500 1312 537 quaerunt
1328 490 1474 526 editores
1489 490 1531 526 ab
1548 490 1782 539 parentheseos
1799 500 1899 536 nota,
1924 500 2003 539 quae

1156 549 1230 574 tota
1252 539 1300 574 est
1317 552 1434 574 eorum
1449 563 1460 582 ,
1486 551 1556 573 non
1580 539 1760 575 Herodoti.
1810 539 1905 586 Quid
1923 539 1936 574 ?
1961 551 2004 574 an

1158 588 1215 623 ille
1232 586 1338 634 d'vzspou
1356 597 1477 632 vocat,
1503 600 1587 636 quos
1604 588 1697 623 versu
1714 589 1935 623 antecedente
1951 586 2003 622 di⁴

1157 638 1209 671 xit
1233 636 1414 684 άνθςώπεςὲ
1441 636 1590 673 Videant
1613 637 1682 672 hoc
1704 636 1830 671 fastum
1852 635 1949 670 suum
1966 635 2006 670 ὃς

1157 685 1335 722 exsultent.
1374 687 1446 721 Res
1464 685 1530 733 ipsa
1548 685 1632 721 dicit
1649 690 1749 728 νέφΘ*
1766 686 1923 731 ἀνθρώπων
1939 684 2004 719 bo-

1158 746 1202 768 no
1220 734 1311 770 sensu
1326 733 1455 770 dietum
1472 735 1535 770 esse
1557 734 1600 770 de
1619 735 1751 770 Graecis
1767 760 1779 778 ,
1806 733 1842 768 δε
1857 742 2004 781 exputa,

1157 794 1284 830 quanto
1308 783 1524 819 commodior
1549 783 1589 818 fit
1623 782 1784 819 sententia
1799 807 1811 828 ,
1843 782 1867 818 fi
1893 784 2004 831 legas:

1158 836 1254 876 H'pteic
1271 833 1291 878 {J
1308 832 1423 879 εὕρημα
1441 836 1472 877 ab
1490 831 1652 879 AEen'zoepaespt
1671 858 1681 873 ,
1705 836 1796 876 ἡμέας
1815 848 1846 868 τε
1870 834 1962 869 ‹ac-5135
1978 834 2004 879 ²}

1161 881 1213 914 riu)
1234 881 1373 919 fi‘mdda,
1399 885 1499 924 νέφῶ*
1515 886 1631 917 roo-§rav
1646 883 1818 928 σὶνθραὶπων,
1843 884 2007 916 ιίνικο·ιιι1οόι’ὸ

1158 928 1238 973 μῼωοι
1254 954 1264 971 ,
1291 931 1335 974 μή
1352 931 1434 964 aiala.
1470 930 1519 964 Ut
1534 929 1616 965 solet
1632 929 1800 964 interdum
1820 932 1851 974 ᾧ
1867 930 2007 965 interius

1158 978 1192 1012 in
1205 979 1384 1025 periodum
1400 991 1568 1014 revocare.
1595 978 1824 1024 Α’νασωσάμᾏιοι
1839 990 1921 1014 vero
1937 979 2006 1014 cla-

1159 1039 1194 1061 re
1212 1028 1337 1075 legitur
1351 1028 1388 1062 in
1405 1027 1484 1062 MS.

1205 1088 1348 1124 494739.
1360 1076 1572 1123 Ε’μπιπξρῖςτε
1587 1075 1605 1124 ]
1619 1076 1695 1112 MS.
1707 1075 1859 1123 ἐμπιπράς
1869 1091 1912 1111 τε.
1926 1075 2008 1111 Cae-

1161 1133 1273 1159 terum
1292 1127 1374 1161 citat
1389 1125 1466 1160 hzec
1482 1125 1547 1174 ipsa
1564 1125 1730 1174 bianlejus
1746 1124 1787 1160 ad
1802 1124 2009 1172 AEschylum

1162 1185 1325 1222 pag.777.
1335 1175 1424 1210 Non
1431 1184 1546 1209 tamen
1556 1185 1594 1210 ut
1602 1175 1693 1209 norit
1702 1175 1770 1210 hoc
1778 1174 1994 1222 participium
2001 1201 2010 1209 .

1206 1234 1290 1270 494,
1300 1228 1356 1270 46.
1381 1224 1531 1260 ΠωνΊελῶς
1545 1223 1748 1270 ἀπελάσας]
1782 1222 1922 1258 Scilicet
1941 1223 2009 1258 hoc

1163 1283 1267 1306 unum
1290 1273 1404 1307 deerat
1421 1297 1433 1316 ‚
1467 1282 1506 1307 ut
1529 1285 1634 1320 quum
1661 1271 1864 1321 congesserit
1885 1272 2010 1307 Portus

1162 1330 1308 1367 quatuor
1322 1322 1397 1356 loca
1411 1345 1423 1364 ‚
1448 1333 1508 1368 per
1525 1333 1601 1369 qua:
1617 1321 1757 1356 testatur
1771 1324 1948 1357 παντελέως
1962 1319 2010 1356 es-

1162 1375 1192 1403 ic
1209 1369 1351 1405 verbum
1369 1370 1608 1404 Herodoteum
1626 1383 1687 1417 pro
1704 1370 1880 1404 communi
1898 1383 2010 1404 muru-⁴

1163 1422 1223 1454 λῶς
1239 1443 1249 1460 ,
1276 1419 1367 1454 1111116
1384 1430 1489 1453 unum
1506 1419 1619 1453 locum
1638 1428 1795 1467 pergeret
1810 1418 1955 1467 dejicere
1968 1417 2010 1453 ad

1165 1466 1320 1514 quasdam
1344 1468 1599 1502 communitatis
1621 1467 1740 1502 sordes.
1773 1468 1869 1502 Scito
1885 1491 1897 1511 ‚
1920 1465 2011 1501 bone

1165 1514 1271 1549 Icelor
1285 1540 1297 1558 ,
1323 1515 1451 1549 exstare
1474 1515 1572 1563 plane
1593 1516 1629 1550 in
1650 1517 1784 1563 optimo
1801 1516 1881 1551 MS.
1899 1530 2012 1551 vavra-

1165 1569 1257 1606 λέως,
1283 1563 1375 1611 quod
1391 1563 1543 1611 probavi.

1212 1624 1340 1660 49551.
1365 1612 1532 1652 T‘7ro6n'nlw
1552 1615 1657 1659 μὲῆκων
1672 1612 1838 1653 ποιήσεοὲαα
1856 1617 1884 1650 ἐς
1898 1614 1919 1647 ’ἓ
1935 1620 2014 1660 Περ-

1165 1661 1247 1708 αέα]
1273 1660 1417 1701 Υ“ποθη’κη
1434 1661 1482 1696 eff
1496 1661 1685 1696 admonitio
1696 1687 1706 1706 ‚
1724 1660 1923 1705 confilium,
1939 1673 2014 1696 cer-

1165 1720 1199 1745 te
1220 1710 1446 1758 utplurimum
1469 1710 1505 1744 in
1527 1710 1712 1745 Herodoto
1745 1714 1881 1759 (neque
1909 1710 2015 1746 etiam

1140 1783 1142 1809 2
1165 1759 1224 1795 hie
1248 1759 1400 1807 cogitare
1424 1758 1506 1794 licet
1531 1759 1574 1794 de
1598 1760 1823 1809 pigneraticio
1848 1759 2012 1809 negotio)

1166 1819 1205 1843 ut
1230 1808 1308 1843 inde
1330 1808 1495 1843 extricare
1518 1807 1646 1843 sensum
1668 1820 1785 1843 verum
1811 1821 1881 1843 non
1903 1820 2016 1856 queas.

1167 1858 1322 1892 (jonatur
1342 1867 1456 1892 tamen
1481 1855 1641 1892 sollicitus
1666 1858 1751 1892 mire
1774 1857 1870 1892 AEm.
1894 1859 2019 1893 Portus

1166 1906 1213 1940 ita
1228 1905 1372 1941 scribens
1398 1904 1554 1952 [Animo
1574 1905 1633 1940 sibi
1657 1905 1746 1954 apud
1764 1905 1893 1941 Persam
1914 1905 2020 1942 subfi-

1168 1955 1262 1989 dium
1274 1954 1503 2002 comparandi.
1521 1954 1582 1989 AE.
1593 1955 1630 1989 P.
1641 1955 1687 1990 V.
1698 1955 1730 1989 S.
1746 1954 2018 1992 admonitionem

1169 2003 1314 2038 fafiturus
1335 2003 1376 2037 ad
1393 2002 1524 2038 Persam
1544 2015 1577 2038 ,1.
1592 2015 1672 2038 cum
1692 2003 1821 2038 Persam
1841 2003 1884 2039 de
1904 2002 1962 2038 suo
1981 2003 2018 2038 in

1170 2065 1247 2088 eum
1265 2051 1443 2094 beneficio:
1451 2052 1576 2086 collato
1594 2064 1732 2087 monere
1748 2052 1917 2087 statuisset.
1937 2052 2018 2087 Hoc

1169 2114 1211 2136 ex
1227 2099 1439 2148 sequentibus
1464 2109 1568 2148 patet.
1619 2101 1654 2135 Si
1673 2100 1783 2136 Vallae
1798 2099 1906 2135 verfio
1927 2099 2017 2136 bona

1170 2150 1237 2193 est,
1263 2150 1414 2184 dicemus
1431 2148 1597 2187 e'van'nlw
1609 2150 1680 2196 jam
1695 2149 1810 2184 vocari
1823 2148 2019 2194 subsidium,

1172 2197 1264 2247 quod
1283 2196 1342 2233 fibi
1359 2198 1431 2245 quis
1446 2206 1539 2244 parat
1554 2196 1724 2232 beneficio
1740 2198 1775 2231 in
1790 2197 1935 2245 aliquem
1945 2199 2019 2233 col-‘-

1173 2248 1241 2283 lato
1252 2272 1263 2291 ,
1288 2246 1324 2281 &
1339 2246 1428 2294 apud
1443 2245 1550 2293 ipsum
1567 2245 1712 2293 quodam
1730 2245 1835 2281 modo
1849 2246 2021 2295 reposito,

1172 2307 1210 2331 ut
1236 2296 1394 2330 servetur.
1444 2294 1552 2340 Qiod
1587 2293 1818 2329 observatione
1850 2295 2024 2344 dignum,

1174 2345 1252 2393 quia
1271 2354 1392 2390 praeter
1408 2344 1502 2379 tritas
1520 2342 1781 2391 significationes
1794 2341 2020 2392 usurpatum]

1178 2394 1299 2428 Misera
1316 2392 1457 2440 prorsus.
1505 2391 1610 2426 Unde
1631 2392 1740 2427 acrior
1766 2392 1813 2426 H.
1831 2391 2023 2440 Stephanus

1178 2442 1264 2477 nihil
1278 2442 1320 2476 de
1342 2442 1393 2476 his
1409 2439 1518 2476 verbis
1535 2441 1644 2475 citatis
1659 2441 1694 2475 in
1710 2439 1886 2475 Thesauro
1901 2442 2023 2489 ponit,

1178 2491 1239 2526 nisi
1256 2490 1316 2525 fibi
1332 2488 1475 2538 suspeffii
1497 2489 1571 2524 effe.
1623 2489 1669 2524 Et
1687 2490 1821 2524 merito.
1871 2489 1966 2525 Nam
1982 2501 2023 2525 oa·

1178 2541 1296 2575 mnino
1313 2537 1523 2575 scribendum
1540 2537 1588 2572 est
1603 2549 1645 2572 ex
1662 2538 1741 2573 MS.
1753 2539 1918 2578 Σσπθῆκῖιμ.
1947 2538 2024 2574 Ne-

1179 2601 1245 2635 que
1261 2600 1342 2623 vero
1358 2587 1500 2623 dubium
1517 2587 1581 2622 ess'e
1598 2586 1731 2634 potest,
1757 2588 1840 2634 quin
1857 2587 1914 2623 hic
1929 2587 2023 2623 locus

1180 2638 1219 2673 fit
1238 2662 1249 2681 ,
1272 2637 1362 2672 unde
1378 2635 1465 2684 apud
1482 2635 1619 2670 Suidam
1642 2636 1844 2671 concinnata
1857 2635 1932 2671 sunt
1947 2636 2022 2671 haec

1178 2686 1297 2721 verba:
1325 2685 1486 2724 Α’ποθήκῖω
1505 2696 1512 2703 ·
1539 2687 1604 2718 ἀντὶ
1621 2684 1641 2722 Ξ
1658 2684 1855 2732 Σσηςςοφῖαῗ.
1880 2689 2024 2727 Φίλιςῼν.

1179 2737 1292 2779 Bene,
1317 2733 1409 2783 quod
1424 2732 1529 2768 silent.

1228 2794 1312 2828 495,
1335 2795 1386 2818 12.
1428 2783 1471 2818 E'c
1496 2784 1602 2816 ποῖσοον
1626 2780 1757 2824 fida-mov
1783 2781 2023 2831 αἰπικομῆυόισι]

1183 2833 1261 2867 MS.
1282 2829 1526 2876 άπικνεομὶἰόοισι.
1558 2830 1631 2864 Ter
1646 2830 1688 2865 ab
1703 2830 1766 2865 isto
1783 2830 1886 2865 verbo
1901 2831 2025 2880 incipit

1182 2882 1303 2916 Portus
1318 2892 1424 2916 novos
1442 2877 1571 2913 loculos
1587 2890 1771 2926 congerere
1786 2902 1798 2922 ‚
1824 2877 1860 2912 &
1876 2888 1928 2913 ter
1947 2881 2025 2927 post

1184 2942 1290 2977 pauca
1306 2929 1347 2964 de
1367 2928 1472 2964 verbo
1494 2930 1669 2973 οὲπικνὲομαι
1693 2925 1781 2961 dieta
1801 2926 1961 2963 relabitur
1982 2929 2025 2966 ad

1184 2977 1332 3013 derivata
1361 2977 1455 3012 verbi
1485 2978 1629 3021 οίπίκομεα
1661 2974 1770 3009 nescio
1793 2974 1883 3009 cur?
1916 2988 2024 3024 quum

1185 3026 1258 3061 satis
1273 3025 1359 3073 saepe
1376 3026 1442 3061 hoe
1462 3023 1571 3071 ipsum
1588 3026 1761 3068 ἀπηγέομαι
1778 3022 1943 3070 placuerit
1952 3026 2027 3062 Hc·—

1185 3074 1319 3110 rodoto.

1235 3133 1319 3169 495,
1339 3131 1389 3169 33.
1422 3120 1551 3157 nenew're
1569 3124 1594 3169 »ᾖ
1613 3118 1831 3166 Α’νοιγκοάην.]
1865 3121 1935 3158 Has
1949 3121 2029 3160 duas

1972 3171 2030 3207 ha·
