2112 3621
412 199 510 249 EX·
556 210 610 250 H.
661 207 1040 251 STEPHANI
1093 208 1518 252 PROLEGOM
1710 215 1790 264 737

128 286 240 315 tamen
256 275 346 312 haud
361 289 475 313 carent
491 303 502 322 ‚
531 277 715 324 praesertim
736 278 859 311 veteris
880 276 956 312 libri
978 281 1161 315 autoritate
1187 280 1244 324 (ad
1265 279 1427 316 nonnulla
1440 279 1530 328 quod
1547 272 1689 318 attinet)
1714 291 1789 314 eam

127 337 284 375 augente.
335 326 389 360 Ex
407 327 459 361 his
478 327 526 361 est
551 324 692 359 verbum
714 327 885 373 Qoeogssd
902 347 913 368 ,
940 327 973 360 in
991 326 1058 361 hoc
1082 328 1139 362 lib.
1157 340 1182 372 1,
1202 343 1275 376 cap.
1290 329 1347 364 88.
1370 330 1449 364 loco
1463 352 1474 373 ‚
1503 329 1585 364 πόλιν
1604 342 1636 362 τε
1656 326 1710 363 οἷαὶ
1725 327 1788 362 σία)

127 375 320 421 &gemalem
347 391 370 423 ‚3
388 374 533 420 χρήμαῷῖ
551 373 592 408 πὶ
608 372 648 407 σοὶ
668 377 845 420 ,Άὶειφθορὲῲ
895 374 1063 419 Qiamvis
1079 378 1171 411 enim
1193 381 1306 424 primo
1326 377 1459 425 aspectu
1474 377 1581 413 videri
1597 375 1696 424 possit
1710 387 1787 411 ver.-

124 423 206 458 bum
233 423 320 467 istud
346 425 519 469 ᾎιθιφθοςὲᾂ
537 422 672 457 admitti
696 423 787 469 poffe
812 427 868 468 (u't
890 435 932 458 ex
958 424 1098 459 nomine
1120 427 1288 471 Quen&
1309 426 1456 468 factum)
1482 437 1595 462 tamen
1610 422 1786 461 Herodoti

123 471 246 507 saeculo
269 473 304 506 in
325 470 381 506 usu
404 471 498 506 fuifl'e
512 496 522 515 ‚
552 473 608 505 vix
631 469 792 506 credibile
813 472 872 506 est⁴
921 470 1004 505 Huc
1023 482 1135 507 autem
1160 475 1291 509 accedit
1308 474 1401 520 quod
1416 476 1451 509 in
1467 483 1535 509 veti
1549 473 1698 521 exempl·
1712 481 1784 508 non

124 522 295 568 Qoessogessd
307 520 361 554 sed
378 525 531 567 ᾏζριφορὲέ
545 521 680 567 legitur.
730 519 838 562 Quod
855 519 953 567 fiquis
966 520 1055 554 aliud
1072 523 1266 570 exemplum
1290 521 1407 557 afferat
1422 523 1544 557 eodem
1562 520 1580 555 ἐ
1596 521 1784 569 scriptore,-

122 569 284 604 videlicet
297 580 359 612 vir,
379 581 432 603 10.
458 580 616 604 extremo
629 592 641 612 ‚
669 567 936 614 διαφθορᾶίμῼοζῷ-
953 569 1023 606 ihm*
1039 576 1132 603 καυῶν
1150 581 1156 588 ·
1182 573 1208 605 is
1230 583 1272 605 ex
1296 583 1351 605 me
1370 570 1483 605 audiet
1499 594 1510 614 ,
1537 568 1583 604 ibi
1603 572 1728 616 pariter
1748 570 1784 605 in

122 629 191 654 vet.
208 617 355 665 exempl.
370 630 439 652 non
454 616 742 664 312o6036v'psp&‚
768 616 821 651 sed
836 615 1084 663 &ravaga-2321&
1100 619 1178 665 legi.
1227 619 1333 654 Hunc
1347 628 1460 653 autern
1475 618 1568 653 verbi
1583 618 1674 652 istius
1687 617 1784 653 usum

122 668 315 715 exprimere
333 666 469 702 videtur
482 667 621 701 voluiss'c
638 667 803 705 Horatius
816 666 943 701 Latino
957 667 1006 700 illi
1027 668 1168 702 omnino
1183 667 1406 715 respondente
1420 684 1432 710 5
1458 678 1564 714 quum
1578 665 1686 710 dixit,
1714 663 1782 707 Poll

122 718 273 762 insepulta
291 713 435 750 membra
452 715 596 759 dtfferent
614 717 688 755 lupi.
1229 750 1231 755 y
1561 746 1566 749 μ

169 765 226 800 Sic
241 775 374 808 autem,
400 776 504 811 quum
521 763 726 809 κ’φπθὲμῇᾢ·
744 762 833 812 apud
852 761 945 799 hunc
965 762 1164 812 scriptorem
1184 765 1366 800 habeamus
1385 775 1510 810 1,.10.·7.
1536 761 1595 799 ubi
1615 759 1783 812 scripturn

122 814 170 848 est
184 839 196 857 ,
223 814 428 858 C‘wvfikpaev&
447 812 463 859 ’ᾗ
483 817 507 848 ‘'z-⁶
524 813 634 858 μάγων
653 823 724 847 τοῖσι
754 813 954 859 ὀνειροπόλοισι
970 814 1001 847 τδ
1020 816 1146 849 &darier
1167 838 1179 858 5
1203 827 1272 849 non
1294 814 1417 849 dubito
1439 815 1521 861 quin
1542 821 1611 847 vet.
1632 813 1781 860 exempl.

120 862 212 909 sequi
227 871 384 910 oporteat
398 887 410 906 ‚
436 874 478 897 ex
502 861 626 909 quibus
645 869 848 897 annotatum
869 862 917 897 est
936 865 1164 910 thaefflfflv&
1179 876 1240 911 pro
1255 864 1481 910 t‘aavbz'pev&‚·
1503 864 1538 897 in
1557 873 1599 896 eo
1613 863 1670 909 qui
1686 861 1780 896 hunc

120 923 190 946 non
206 922 331 958 magno
345 911 524 946 intervallo
541 923 571 945 c.
586 909 665 945 108.
679 910 845 958 sequitur,
861 911 927 945 ἰδών
945 911 962 956 ὃ
981 917 1071 956 τὲτο,
1083 917 1106 961 ag,
1125 913 1333 958 ύιπθὲμειρι
1348 922 1421 947 τοῖσι
1438 910 1654 959 ὀνειροπόλοισι,
1680 908 1779 946 Nam

121 960 155 996 in
170 960 276 1008 priori
297 959 447 994 editione
467 973 540 995 mea
563 972 631 994 non
647 961 757 995 minus
779 959 837 994 hic
850 972 950 1007 quam
972 960 1042 995 illic
1057 961 1457 1009 wegO{u÷v&1‘criptum
1484 970 1577 996 erat:
1605 958 1659 994 sed
1673 970 1777 1007 quum

120 1009 178 1044 hic
194 1021 237 1044 ex
254 1018 323 1043 vet.
339 1008 711 1056 exempl.‘adscriptum
737 1010 882 1056 margini
903 1009 1090 1044 invenirem
1109 1012 1360 1057 wzgsscsspaesv&,·
1386 1010 1488 1044 malui
1510 1010 1591 1044 huic
1607 1007 1723 1043 locum
1737 1008 1778 1042 il-

119 1057 181 1094 lius
194 1058 281 1092 dare.
331 1056 439 1100 Qiod
452 1068 564 1093 autem
581 1057 708 1092 fafiturn
733 1058 789 1092 hic
811 1059 876 1092 tuit
891 1069 960 1092 non
983 1058 1104 1093 dubito
1121 1061 1203 1105 quin
1218 1060 1252 1093 ὃ(
1267 1061 1380 1107 priore
1398 1058 1591 1093 faciendum
1611 1056 1689 1091 loco
1704 1056 1778 1091 fue-

120 1108 184 1151 rit,
209 1105 406 1150 scribendo,
432 1109 657 1152 exregem&
676 1107 694 1151 ⁵3
713 1111 738 1142 ‘³1⁶-
754 1105 863 1151 μάγων
881 1116 952 1141 τοῖσι
969 1108 1185 1153 ὀνειροπόλοιζι.
1227 1106 1330 1142 Haud
1347 1109 1438 1142 enim
1452 1106 1575 1142 dubito
1592 1107 1674 1152 quin
1687 1100 1778 1140 haud

119 1155 254 1191 aliunde
269 1167 368 1201 quam
389 1165 430 1189 ex
448 1157 577 1190 incuria
593 1156 778 1202 contigerit
792 1165 830 1189 ut
845 1155 891 1190 illi
907 1157 1007 1190 etiam
1024 1156 1231 1203 praecedenti
1255 1157 1334 1190 loco
1353 1156 1504 1203 apposita
1522 1167 1565 1189 ex
1585 1154 1700 1188 iisdem
1717 1164 1777 1188 ve-

120 1204 248 1251 teribus
265 1203 357 1238 libris
377 1204 432 1238 illa
447 1203 600 1238 leetionis
615 1203 785 1238 diversitas
808 1216 877 1237 non
891 1204 970 1241 essct
984 1227 996 1248 ‚
1021 1217 1063 1238 eo
1083 1205 1117 1238 in
1133 1204 1220 1239 libro
1249 1204 1408 1251 (scriptus
1422 1216 1534 1239 autem
1552 1203 1586 1237 δε
1603 1203 1669 1249 ipse
1683 1210 1753 1237 erat
1764 1219 1777 1246 ς

118 1253 173 1288 sed
190 1254 300 1287 minus
315 1251 516 1286 vetustatem
534 1265 604 1299 prae
618 1252 648 1287 se
665 1252 792 1293 ferens)
821 1263 922 1300 quem
939 1253 1105 1300 posterior
1119 1254 1152 1287 in
1167 1255 1320 1302 margine
1335 1253 1394 1288 sibi
1410 1252 1602 1300 appositum
1620 1250 1777 1285 habebat.

119 1303 167 1336 At
183 1302 290 1335 editio
304 1300 429 1335 Aldina
447 1302 481 1335 in
501 1302 613 1348 priore
627 1301 765 1348 quidem
784 1301 864 1336 loco
882 1303 1108 1346 chavesspaeiv&,
1133 1312 1166 1337 at
1183 1303 1218 1336 in
1235 1302 1419 1350 posteriore
1435 1302 1664 1348 (περθὲμενςῷι
1679 1299 1777 1334 nobis

116 1349 270 1396 exhibet.
320 1348 447 1396 Estque
463 1350 497 1383 ὃ(
517 1350 586 1384 hoc
604 1348 776 1384 sciendum
793 1373 804 1395 5
832 1351 927 1385 fuifl'e
948 1361 1119 1398 repertum
1140 1351 1336 1398 exemplar,
1363 1350 1456 1398 quod
1476 1349 1618 1384 viciffim
1638 1362 1700 1396 pro
1716 1348 1775 1382 illo

116 1400 324 1444 υ·7ιέρθέ,ιι.ενΘ4
335 1397 473 1441 liaberet
490 1398 581 1433 idem
597 1398 682 1433 illud
697 1400 1007 1445 dvr06{paev&,quod
1024 1412 1093 1434 non
1108 1399 1214 1448 longo
1228 1400 1406 1434 intervallo
1419 1396 1640 1445 praecefferat.
1655 1397 1776 1440 Quor-

74 1452 77 1457 '
116 1448 187 1483 sum
204 1458 272 1483 tam
293 1446 426 1481 multa?
453 1457 491 1481 ut
513 1447 685 1482 ostendam
703 1471 714 1491 ,
742 1460 841 1494 quam
858 1447 1038 1482 verisimile
1064 1447 1104 1483 fit
1124 1448 1278 1494 quaedam
1302 1447 1468 1481 vocabula
1484 1470 1496 1489 ‚
1521 1444 1776 1493 praesertimque

116 1497 236 1541 verba,
262 1495 307 1530 ob
325 1495 608 1542 significationem
626 1508 703 1541 quae
717 1496 881 1542 plerisque
896 1494 1077 1530 lettoribus
1093 1496 1234 1530 insolens
1251 1495 1449 1538 videbatur,
1474 1494 1516 1529 ab
1529 1506 1646 1528 eorum
1661 1494 1776 1540 aliquo

117 1546 300 1592 (nimirum
314 1556 355 1578 eo
369 1545 426 1590 qui
445 1545 564 1578 ceteris
579 1543 739 1578 audacior
751 1546 840 1582 erat)
867 1554 996 1578 mutata
1016 1545 1050 1578 in
1067 1545 1129 1579 alia
1150 1543 1244 1579 fuiffe
1259 1564 1270 1588 5
1297 1544 1390 1578 hunc
1406 1545 1509 1589 etiam
1529 1542 1617 1590 apud
1631 1541 1774 1589 scripto-

117 1606 201 1631 rem.
252 1592 319 1628 Sed
333 1593 406 1639 quis
433 1591 565 1635 (dices)
591 1589 697 1626 verbo
710 1591 890 1638 ὐπεςτίθεοθξζ
910 1593 957 1626 ita
971 1605 1119 1640 unquam
1133 1592 1206 1627 usus
1220 1593 1267 1627 est
1283 1592 1296 1626 ?
1323 1593 1485 1627 nimirum
1507 1589 1696 1638 significare
1712 1603 1774 1625 vo-

117 1645 212 1686 lens,
238 1641 493 1675 communicare
507 1640 679 1687 quidpiam
695 1641 795 1675 alicui
813 1653 819 1674 :
847 1652 888 1674 eo
910 1641 1015 1675 modo
1028 1653 1098 1688 quo
1118 1641 1264 1676 dicimus
1287 1653 1348 1676 nos
1369 1641 1625 1675 communicare
1644 1639 1772 1686 aliquid

118 1693 170 1735 ei,
197 1689 289 1737 quod
305 1690 351 1724 ita
364 1689 567 1735 exponimus
582 1699 621 1723 ut
634 1688 730 1723 fimul
744 1690 815 1736 ejus
828 1688 925 1736 super
938 1701 979 1724 eo
993 1689 1173 1724 confilium
1189 1690 1305 1725 audire
1318 1689 1503 1737 cupiamus.
1537 1687 1682 1735 ipsemet
1699 1689 1774 1723 He-

118 1739 261 1776 rodotus
287 1738 467 1785 (inquam)
494 1737 540 1772 ita
556 1737 604 1772 est
621 1734 699 1772 alibi
715 1737 789 1772 usus
802 1762 813 1781 ‚
840 1750 907 1772 non
926 1750 995 1773 uno
1014 1740 1050 1774 in
1068 1738 1159 1773 loco.
1209 1739 1240 1773 E
1260 1738 1391 1773 duobus
1406 1737 1518 1773 saltem
1536 1749 1621 1772 unus
1633 1737 1773 1784 quidem

118 1789 228 1825 exstat
244 1812 255 1830 ‚
283 1786 343 1822 {mi
359 1802 389 1821 τε
410 1786 426 1831 ξ)
445 1787 509 1832 ὑμῖν
528 1789 683 1832 ἀναφέρειν
711 1791 738 1822 ἐς
761 1790 888 1823 πλεῦνας
911 1786 1007 1821 ἐδόκεε
1025 1806 1036 1830 ,
1063 1790 1087 1834 οἱ,
1109 1791 1174 1833 ἐμοὶ
1198 1789 1372 1834 ὑπερέθεσθε
1394 1810 1405 1829 ‚
1429 1786 1445 1825 ἦ
1468 1790 1609 1832 ποιέωμεν
1629 1787 1774 1832 σήμερον,

119 1839 189 1874 &c.
214 1833 288 1872 Ubi
302 1836 466 1882 interpres
481 1847 551 1869 non
565 1836 706 1869 omnino
721 1834 808 1869 male
820 1835 943 1878 vertit,
969 1836 1031 1869 Sed
1044 1840 1192 1882 quoniam
1201 1835 1360 1879 statuistis
1377 1834 1421 1869 ad
1435 1837 1540 1882 plures
1558 1835 1774 1879 referendum,

118 1890 158 1924 ό·
176 1899 225 1920 me
243 1883 471 1918 adhibendum.
500 1884 630 1918 Dicens
641 1894 772 1927 autem,
799 1895 868 1917 non
883 1885 1025 1918 omnino
1039 1885 1125 1919 male
1141 1885 1233 1919 hunc
1248 1885 1364 1920 locum
1382 1884 1424 1919 ab
1439 1896 1481 1918 eo
1499 1883 1562 1919 ess'e
1577 1883 1748 1918 redditum
1759 1906 1772 1927 ‚

119 1937 188 1972 hoc
204 1933 311 1977 addo,
338 1931 529 1967 dummodo
545 1932 645 1968 verba
658 1932 718 1968 ista
731 1931 851 1977 quibus
871 1933 979 1967 utitur
992 1958 1003 1977 ,
1031 1934 1069 1969 Θ·
1088 1946 1138 1967 me
1152 1933 1367 1967 adhibendum
1386 1956 1397 1976 ‚
1422 1931 1512 1968 reete
1526 1933 1771 1980 intelligantur.

117 1982 322 2032 Significare
335 1982 426 2015 enim
439 1981 549 2015 voluit
563 2005 574 2025 ‚
601 1983 639 2018 cb*
655 1994 705 2014 me
719 1980 937 2014 adhibendum
954 1984 986 2015 in
1003 1983 1169 2025 confilium.
1220 1982 1359 2029 Alioqui
1379 1992 1448 2016 non
1467 1981 1610 2016 dubium
1627 1981 1675 2015 est
1689 1981 1772 2028 quin

116 2035 250 2082 potius,
277 2032 314 2067 ω’·
333 2029 414 2062 mihi
429 2030 726 2063 communicandum
737 2053 749 2070 ‚
774 2029 887 2064 dicere
900 2029 1066 2065 debuerit.
1093 2031 1190 2066 Alter
1202 2041 1314 2066 autem
1330 2031 1425 2065 locus
1441 2030 1489 2065 est
1509 2030 1579 2074 hic,
1590 2041 1631 2064 cx
1647 2029 1705 2064 lib.
1716 2041 1772 2073 111,r

118 2095 150 2118 c,
164 2094 225 2129 71.
251 2082 274 2113 εἰ
290 2077 344 2124 μὶἰύ
359 2094 404 2112 τοι
423 2079 586 2122 ὁπερέἶίθεοι
603 2079 644 2113 τοὶ
663 2080 776 2124 {flammi
793 2077 906 2118 ποιῆσᾴγ
924 2103 935 2121 ,
960 2078 1016 2114 min
1034 2078 1069 2114 οἷν
1085 2095 1125 2125 με
1145 2080 1301 2116 &Scies
1321 2083 1374 2114 νιοῦ
1393 2081 1429 2121 ‘st’
1446 2081 1490 2114 ἐπ’
1508 2082 1645 2124 ἑμεωῦτέ
1663 2077 1772 2118 βουλέ-

117 2138 243 2178 μενΘψ,
269 2129 395 2174 ἔπρηξα.
442 2126 516 2163 Ubi
535 2128 700 2176 interpres
716 2126 852 2165 tandem
876 2128 1114 2165 animadvertit
1132 2129 1225 2176 quod
1246 2129 1324 2164 alibi
1341 2127 1608 2163 animadvertere
1621 2139 1692 2161 non
1709 2139 1773 2180 po-

117 2189 251 2216 tuerat:
277 2176 437 2211 videlicet
456 2177 631 2221 όπεςτιθέναι
659 2180 755 2220 (nam
777 2175 834 2210 hic
855 2187 942 2210 voce
967 2175 1074 2213 affitiva
1093 2180 1228 2222 utitur9
1254 2189 1358 2224 quum
1380 2178 1493 2224 potius
1516 2174 1649 2223 paffivae
1675 2178 1771 2210 ulum

118 2229 213 2265 hunc
233 2226 311 2261 dare
330 2219 456 2267 soleat)
483 2225 546 2259 ess'e
560 2225 651 2272 quod
668 2225 784 2260 Latini
805 2227 1037 2258 communicare
1052 2227 1183 2262 dicunt.
1233 2226 1285 2262 Ut
1301 2236 1412 2261 autem
1429 2227 1541 2260 minus
1554 2225 1656 2259 mirer
1670 2224 1771 2259 istum

117 2277 215 2314 verbi
229 2273 410 2322 ὐπεςτίθεοθὲ
429 2273 523 2308 usum
540 2286 609 2308 non
631 2284 763 2308 tanturn
783 2285 910 2308 novum
928 2274 963 2308 &
980 2276 1103 2310 mirum
1125 2275 1230 2310 visum
1252 2275 1375 2319 suiss'e5
1400 2274 1453 2308 sed
1475 2275 1574 2308 etiam
1592 2272 1706 2308 mendi
1722 2272 1772 2307 su-

117 2320 262 2374 spectam
284 2323 483 2369 scripturam
502 2319 651 2358 habuisse
665 2348 676 2366 ‚
702 2323 770 2357 hoc
786 2322 868 2357 facit
883 2347 895 2366 ,
921 2322 1013 2370 quod
1035 2322 1177 2360 verbum
1203 2335 1338 2372 quoque
1361 2324 1535 2367 ἀνατίθεμαι
1555 2333 1660 2370 quum
1681 2321 1771 2369 apud

119 2375 287 2423 quendam
302 2371 501 2408 historicum
517 2370 803 2420 significationem
823 2370 918 2405 istam
939 2371 1076 2408 haberet
1091 2399 1102 2417 ,
1128 2374 1292 2420 interpres
1306 2371 1436 2418 dtfferre
1451 2372 1555 2407 vertit
1575 2385 1582 2406 :
1611 2370 1772 2418 quemad-

121 2423 264 2458 modum
278 2422 312 2457 &
328 2418 506 2465 ὖπερτίθεοῦξς
522 2421 614 2455 hunc
628 2420 734 2468 vulgo
749 2419 843 2454 usum
858 2419 971 2455 habet.
1016 2422 1093 2467 Jam
1111 2435 1194 2457 vero
1209 2423 1245 2456 &C
1259 2433 1366 2469 quum
1381 2434 1399 2455 a
1409 2420 1472 2455 md
1487 2421 1681 2467 Appianum
1697 2421 1773 2452 α’νοι·

123 2471 209 2512 &5093
224 2470 265 2505 τοὶ
280 2468 516 2513 numanum,
541 2470 672 2504 sonaret
686 2481 856 2510 revocare,
880 2467 934 2503 seu
950 2472 1142 2514 retraiiare,
1168 2472 1334 2518 interpres
1347 2433 1477 2513 dtsperre
1493 2467 1657 2510 reddidit,
1683 2476 1721 2501 ut
1737 2468 1772 2500 in

122 2516 414 2555 Annotationibus
432 2516 603 2553 admonui.
654 2518 785 2553 Verum
802 2542 813 2561 ,
840 2527 878 2551 ut
897 2517 937 2552 ad
959 2520 1170 2555 mentionem
1189 2518 1389 2554 diversitatis
1408 2516 1593 2552 leftionum
1619 2515 1775 2559 redeam,

121 2567 293 2604 sciendum
316 2566 363 2601 est
377 2590 388 2609 ‚
415 2561 500 2600 ficut
524 2567 558 2601 in
577 2567 793 2614 praecedente
814 2567 891 2600 loco
915 2579 977 2613 pro
999 2570 1205 2615 όπεςθέμενΘ·
1225 2568 1387 2615 scriptum
1406 2567 1440 2600 in
1462 2563 1657 2613 quibusdam
1676 2563 1774 2598 fuiffe

122 2618 195 2653 dixi
209 2616 422 2660 dnoGZpev&‚
447 2614 493 2649 ita
508 2615 609 2651 etiam
624 2617 659 2651 in
677 2628 718 2650 eo
736 2615 907 2650 Herodoti
926 2614 969 2650 de
982 2628 1049 2663 quo
1068 2629 1159 2653 nunc
1176 2619 1291 2666 agitur
1304 2616 1383 2651 loco
1397 2640 1409 2659 ,
1434 2615 1531 2650 aliam
1547 2612 1712 2660 quandam
1729 2623 1771 2646 ex

124 2679 193 2702 uno
208 2663 436 2710 manuscripto
456 2663 576 2698 codice
594 2664 755 2699 habemus
767 2687 779 2707 ‚
806 2663 840 2697 ὅ(
854 2675 926 2697 eam
947 2665 1084 2712 quidem
1100 2666 1197 2701 valde
1215 2667 1334 2701 miram
1348 2690 1360 2708 ,
1385 2663 1545 2698 videlicet
1559 2664 1772 2707 ὁπερριι’ςεα9ε“

123 2727 223 2763 quam
241 2713 264 2749 si
279 2713 359 2748 loco
373 2712 454 2747 huic
466 2713 728 2748 accommodare
741 2712 846 2748 lestor
863 2712 966 2757 velit,
991 2713 1088 2749 valde
1099 2714 1195 2749 suum
1208 2715 1384 2763 ingenium
1396 2737 1409 2756 ‚
1435 2712 1469 2748 ὅ(
1487 2710 1624 2760 quidem
1640 2709 1775 2753 frustra,

124 2765 184 2800 fati
213 2773 258 2799 et.

172 2776 261 2847 Sgunt
272 2823 353 2846 vero
369 2809 404 2844 ὅ(
418 2808 473 2844 alii
489 2809 558 2845 loci
571 2811 607 2846 in
620 2809 739 2858 quibus
751 2810 930 2860 contigisse
951 2805 1040 2845 idem
1055 2811 1219 2846 videmus·
1268 2808 1350 2845 Nec
1364 2807 1485 2845 dubito
1501 2809 1583 2856 quin
1597 2817 1715 2843 eorum
1735 2805 1776 2843 fit

127 2859 147 2896 ὲ
160 2872 304 2896 numero
318 2860 379 2895 iste
393 2857 411 2893 e
426 2858 484 2893 lib.
501 2872 534 2893 v.
550 2872 623 2907 cap.
637 2870 693 2901 92:
711 2870 741 2906 5.
769 2863 792 2910 ιζ,
811 2858 1055 2901 διαπλόῖίσωνῖΘ
1071 2860 1091 2893 ’1
1110 2862 1173 2901 βίον
1190 2858 1232 2895 εἶ.
1283 2858 1442 2906 Suspicor
1457 2859 1545 2893 enim
1562 2858 1580 2892 ἐ
1593 2856 1777 2892 lectoribus

127 2911 319 2957 quempiam
335 2935 346 2953 ‚
372 2909 427 2943 cui
443 2907 585 2943 insolens
599 2909 694 2944 valde
709 2909 786 2943 haec
807 2908 1006 2954 metaphora
1019 2906 1137 2942 lectori
1152 2907 1329 2943 videbatur
1344 2931 1356 2951 ,
1381 2919 1503 2942 vocem
1519 2908 1607 2942 illam
1622 2906 1776 2941 διαπλώ-

128 2959 236 3000 cow‘l&
252 2960 287 2993 in
302 2958 388 2993 hanc
404 2970 505 3004 quam
519 2958 663 3005 margini
677 2957 876 3004 adscriptam
890 2956 999 3000 vides,
1027 2958 1271 3000 d'naan42aa'l&,
1297 2955 1449 2991 mutass'e.
1498 2956 1605 3003 Atqui
1622 2956 1778 3002 cogitans

129 3005 212 3040 dum
225 3017 312 3052 erat,
327 3006 551 3042 Herodotum
567 3006 690 3041 habere
703 3006 866 3041 nonnulla
883 3005 1067 3051 ejusmodi,
1094 3004 1128 3040 &
1142 3018 1218 3053 qua:
1234 3017 1338 3053 quum
1356 3006 1389 3039 in
1405 3005 1476 3039 aliis
1492 3015 1623 3040 tantum
1638 3002 1779 3048 scripto⁴

130 3052 225 3090 ribus
240 3054 483 3102 versato,mira
500 3053 535 3089 ὃ(
551 3055 727 3104 plusquam
747 3056 832 3091 mira
850 3053 955 3090 videri
973 3065 1096 3103 queant
1111 3079 1122 3099 ‚
1149 3054 1212 3090 effe
1235 3064 1348 3090 tamen
1368 3053 1514 3101 suspeeta
1535 3065 1603 3088 non
1625 3050 1779 3130 debeakiti

1265 3104 1407 3138 Aaxkala
1722 3125 1728 3130 „
1754 3114 1762 3125 ⁶
